
		<record>
			<recordSchema>marcxml</recordSchema>
			<recordPacking>xml</recordPacking>
			<recordData>
				<record xmlns="http://www.loc.gov/MARC21/slim">
					<leader>02006nam a2200301 c 4500</leader>
					<controlfield tag="001">9911110207405506</controlfield>
					<controlfield tag="005">20230410143514.0</controlfield>
					<controlfield tag="008">210506s2021    fr |||||      00| ||fre c</controlfield>
					<datafield ind1=" " ind2=" " tag="020">
						<subfield code="a">9782072880018</subfield>
						<subfield code="q">broché</subfield>
					</datafield>
					<datafield ind1=" " ind2=" " tag="035">
						<subfield code="a">(DE-627)1757262962</subfield>
					</datafield>
					<datafield ind1=" " ind2=" " tag="035">
						<subfield code="a">(EXLNZ-41SLSP_NETWORK)991170689546805501</subfield>
					</datafield>
					<datafield ind1=" " ind2=" " tag="040">
						<subfield code="a">DE-627</subfield>
						<subfield code="b">fre</subfield>
						<subfield code="c">DE-627</subfield>
						<subfield code="e">rda</subfield>
						<subfield code="d">CH-ZuSLS HSG</subfield>
					</datafield>
					<datafield ind1="0" ind2="4" tag="082">
						<subfield code="a">341.24223</subfield>
						<subfield code="2">23</subfield>
					</datafield>
					<datafield ind1="7" ind2="4" tag="082">
						<subfield code="a">320</subfield>
						<subfield code="2">23sdnb</subfield>
					</datafield>
					<datafield ind1=" " ind2=" " tag="084">
						<subfield code="a">ML 5400</subfield>
						<subfield code="2">rvk</subfield>
					</datafield>
					<datafield ind1="1" ind2=" " tag="100">
						<subfield code="a">Barnier, Michel</subfield>
						<subfield code="d">1951-</subfield>
						<subfield code="6">880-01</subfield>
						<subfield code="4">aut</subfield>
						<subfield code="0">(DE-588)171240936</subfield>
					</datafield>
					<datafield ind1="1" ind2=" " tag="880">
						<subfield code="6">100-01/(B</subfield>
						<subfield code="a">Barnier, Michel</subfield>
						<subfield code="d">1951-....</subfield>
						<subfield code="0">(IDREF)028588479</subfield>
						<subfield code="4">aut</subfield>
					</datafield>
					<datafield ind1="1" ind2="3" tag="245">
						<subfield code="a">&lt;&lt;La&gt;&gt; grande illusion</subfield>
						<subfield code="b">journal secret du Brexit (2016-2020)</subfield>
						<subfield code="c">Michel Barnier</subfield>
					</datafield>
					<datafield ind1=" " ind2="1" tag="264">
						<subfield code="a">Paris</subfield>
						<subfield code="b">Gallimard</subfield>
						<subfield code="c">2021</subfield>
					</datafield>
					<datafield ind1=" " ind2=" " tag="300">
						<subfield code="a">541 pages</subfield>
						<subfield code="b">illustrations</subfield>
					</datafield>
					<datafield ind1=" " ind2=" " tag="336">
						<subfield code="b">txt</subfield>
						<subfield code="2">rdacontent</subfield>
					</datafield>
					<datafield ind1=" " ind2=" " tag="337">
						<subfield code="b">n</subfield>
						<subfield code="2">rdamedia</subfield>
					</datafield>
					<datafield ind1=" " ind2=" " tag="338">
						<subfield code="b">nc</subfield>
						<subfield code="2">rdacarrier</subfield>
					</datafield>
					<datafield ind1=" " ind2=" " tag="520">
						<subfield code="a">Le 23 juin 2016, à la stupeur générale, les Britanniques choisissent de quitter l'Union européenne. Pourquoi cette rupture inédite et déjouant tous les pronostics ? Comment organiser ce divorce ? Quelle nouvelle relation bâtir entre le Royaume-Uni et l'Union ? Dès le début des discussions, Michel Barnier, négociateur en chef du Brexit, a recherché l'unité des vingt-sept Etats membres et du Parlement européen. Nous voici pour la première fois au coeur d'une négociation complexe et historique de mille six cents jours, oscillant sans cesse entre consensus et crispations, espoirs et doutes, transparence et mensonge, pour aboutir à un accord inespéré qui modifiera durablement le visage de l'Europe. De Bruxelles à Londres, de Dublin à Nicosie, ce journal nous entraîne dans les coulisses d'un théâtre diplomatique où se joua parfois une véritable guerre des nerfs. Un témoignage exceptionnel sur l'envers du Brexit, sur l'Europe et sur celles et ceux qui la font.</subfield>
					</datafield>
					<datafield ind1=" " ind2="7" tag="650">
						<subfield code="a">Brexit</subfield>
						<subfield code="0">(IDREF)200582151</subfield>
						<subfield code="2">idref</subfield>
					</datafield>
					<datafield ind1=" " ind2="7" tag="650">
						<subfield code="a">Brexit</subfield>
						<subfield code="2">gnd</subfield>
						<subfield code="0">(DE-588)1109778066</subfield>
					</datafield>
					<datafield ind1=" " ind2="7" tag="648">
						<subfield code="a">Geschichte 2016-2020</subfield>
						<subfield code="2">gnd</subfield>
					</datafield>
					<datafield ind1=" " ind2="7" tag="655">
						<subfield code="a">Erlebnisbericht</subfield>
						<subfield code="2">gnd-content</subfield>
					</datafield>
					<datafield ind1=" " ind2=" " tag="903">
						<subfield code="a">RERO-SIGN</subfield>
						<subfield code="5">UNIGE/20211005/jmm</subfield>
					</datafield>
					<datafield ind1=" " ind2=" " tag="AVA">
						<subfield code="0">9911110207405506</subfield>
						<subfield code="8">2270457850005506</subfield>
						<subfield code="a">41SLSP_HSG</subfield>
						<subfield code="b">HSG</subfield>
						<subfield code="c">Ground Floor</subfield>
						<subfield code="d">QG 410 B262</subfield>
						<subfield code="e">available</subfield>
						<subfield code="f">1</subfield>
						<subfield code="g">0</subfield>
						<subfield code="j">EG</subfield>
						<subfield code="k">4</subfield>
						<subfield code="p">1</subfield>
						<subfield code="q">HSG</subfield>
					</datafield>
				</record>
			</recordData>
			<recordIdentifier>9911110207405506</recordIdentifier>
			<recordPosition>5</recordPosition>
		</record>