
		<record>
			<recordSchema>marcxml</recordSchema>
			<recordPacking>xml</recordPacking>
			<recordData>
				<record xmlns="http://www.loc.gov/MARC21/slim">
					<leader>05119nam a2200925 c 4500</leader>
					<controlfield tag="001">9910893070105506</controlfield>
					<controlfield tag="005">20230327180748.0</controlfield>
					<controlfield tag="008">201012t20202020nyua     b||| 001 0 eng|^</controlfield>
					<datafield ind1=" " ind2=" " tag="010">
						<subfield code="a">2019054756</subfield>
					</datafield>
					<datafield ind1=" " ind2=" " tag="020">
						<subfield code="a">0374287260</subfield>
						<subfield code="q">hardcover</subfield>
					</datafield>
					<datafield ind1=" " ind2=" " tag="020">
						<subfield code="a">9780374287269</subfield>
						<subfield code="q">hardcover</subfield>
					</datafield>
					<datafield ind1=" " ind2=" " tag="035">
						<subfield code="a">(swissbib)238617394-41slsp_network</subfield>
					</datafield>
					<datafield ind1=" " ind2=" " tag="035">
						<subfield code="a">238617394</subfield>
						<subfield code="9">ExL</subfield>
					</datafield>
					<datafield ind1=" " ind2=" " tag="035">
						<subfield code="a">(NEBIS)011611199EBI01</subfield>
					</datafield>
					<datafield ind1=" " ind2=" " tag="035">
						<subfield code="a">(IDSSG)001089307HSB01</subfield>
					</datafield>
					<datafield ind1=" " ind2=" " tag="035">
						<subfield code="a">(IDSBB)007193866DSV01</subfield>
					</datafield>
					<datafield ind1=" " ind2=" " tag="035">
						<subfield code="a">(OCoLC)1126528788</subfield>
						<subfield code="z">(OCoLC)1102157165</subfield>
						<subfield code="z">(OCoLC)1129223748</subfield>
						<subfield code="z">(OCoLC)1141085909</subfield>
						<subfield code="z">(OCoLC)1152308822</subfield>
					</datafield>
					<datafield ind1=" " ind2=" " tag="035">
						<subfield code="a">(OCoLC)1152308822</subfield>
					</datafield>
					<datafield ind1=" " ind2=" " tag="035">
						<subfield code="a">(EXLNZ-41SLSP_NETWORK)991050511139705501</subfield>
					</datafield>
					<datafield ind1=" " ind2=" " tag="040">
						<subfield code="a">DLC</subfield>
						<subfield code="b">ger</subfield>
						<subfield code="e">rda</subfield>
						<subfield code="d">CH-ZuSLS</subfield>
					</datafield>
					<datafield ind1="0" ind2=" " tag="041">
						<subfield code="a">eng</subfield>
					</datafield>
					<datafield ind1=" " ind2=" " tag="042">
						<subfield code="a">pcc</subfield>
					</datafield>
					<datafield ind1="0" ind2="0" tag="050">
						<subfield code="a">JF1525.I6</subfield>
						<subfield code="b">R54 2020</subfield>
					</datafield>
					<datafield ind1=" " ind2="7" tag="072">
						<subfield code="a">160</subfield>
						<subfield code="2">IDS LU</subfield>
					</datafield>
					<datafield ind1=" " ind2="7" tag="072">
						<subfield code="a">162</subfield>
						<subfield code="2">IDS LU</subfield>
					</datafield>
					<datafield ind1="7" ind2="4" tag="082">
						<subfield code="a">320</subfield>
						<subfield code="2">23sdnb</subfield>
					</datafield>
					<datafield ind1="0" ind2="0" tag="082">
						<subfield code="a">327.12</subfield>
						<subfield code="2">23</subfield>
					</datafield>
					<datafield ind1="1" ind2="4" tag="082">
						<subfield code="a">320</subfield>
						<subfield code="2">15</subfield>
					</datafield>
					<datafield ind1=" " ind2=" " tag="084">
						<subfield code="a">MD 8460</subfield>
						<subfield code="2">rvk</subfield>
					</datafield>
					<datafield ind1=" " ind2=" " tag="084">
						<subfield code="a">MF 9500</subfield>
						<subfield code="2">rvk</subfield>
					</datafield>
					<datafield ind1="1" ind2=" " tag="100">
						<subfield code="a">Rid, Thomas</subfield>
						<subfield code="d">1975-</subfield>
						<subfield code="0">(DE-588)133739074</subfield>
						<subfield code="4">aut</subfield>
					</datafield>
					<datafield ind1="1" ind2="0" tag="245">
						<subfield code="a">Active measures</subfield>
						<subfield code="b">the secret history of disinformation and political warfare</subfield>
						<subfield code="c">Thomas Rid</subfield>
					</datafield>
					<datafield ind1="1" ind2="0" tag="246">
						<subfield code="a">Secret history of disinformation and political warfare</subfield>
					</datafield>
					<datafield ind1=" " ind2=" " tag="250">
						<subfield code="a">First Edition</subfield>
					</datafield>
					<datafield ind1=" " ind2="1" tag="264">
						<subfield code="a">New York</subfield>
						<subfield code="b">Farrar, Straus and Giroux</subfield>
						<subfield code="c">2020</subfield>
					</datafield>
					<datafield ind1=" " ind2="4" tag="264">
						<subfield code="c">© 2020</subfield>
					</datafield>
					<datafield ind1=" " ind2=" " tag="300">
						<subfield code="a">vi, 513 Seiten</subfield>
						<subfield code="b">Illustrationen</subfield>
						<subfield code="c">23 cm</subfield>
					</datafield>
					<datafield ind1=" " ind2=" " tag="336">
						<subfield code="b">txt</subfield>
						<subfield code="2">rdacontent</subfield>
					</datafield>
					<datafield ind1=" " ind2=" " tag="337">
						<subfield code="b">n</subfield>
						<subfield code="2">rdamedia</subfield>
					</datafield>
					<datafield ind1=" " ind2=" " tag="338">
						<subfield code="b">nc</subfield>
						<subfield code="2">rdacarrier</subfield>
					</datafield>
					<datafield ind1=" " ind2=" " tag="504">
						<subfield code="a">Includes bibliographical references (pages 437-491) and index</subfield>
					</datafield>
					<datafield ind1=" " ind2=" " tag="520">
						<subfield code="a">We live in the age of disinformation. More than four months before the 2016 election, Rid warned that Russian military intelligence was attempting to disrupt the democratic process. Here he tells the story of modern disinformation, beginning with the post-Russian Revolution clash between communism and capitalism, which would come to define the Cold War. He exposes the disturbing yet colorful history of professional, organized lying, revealing for the first time some of the century's most significant operations-- many of them nearly beyond belief. Rid also sheds new light on the 2016 election, especially the role of the infamous 'troll farm' in St. Petersburg. -- adapted from jacket</subfield>
					</datafield>
					<datafield ind1=" " ind2=" " tag="520">
						<subfield code="a">"This revelatory and dramatic history of disinformation traces the rise of secret organized deception operations from the interwar period to contemporary internet troll farms"--</subfield>
						<subfield code="c">Provided by publisher</subfield>
					</datafield>
					<datafield ind1=" " ind2=" " tag="500">
						<subfield code="a">Hier auch später erschienene, unveränderte Nachdrucke</subfield>
					</datafield>
					<datafield ind1=" " ind2="7" tag="648">
						<subfield code="a">Geschichte 1921-2017</subfield>
						<subfield code="2">gnd</subfield>
					</datafield>
					<datafield ind1=" " ind2="7" tag="650">
						<subfield code="a">DESINFORMATION + LÜGEN (POLITIK)</subfield>
						<subfield code="9">ger</subfield>
						<subfield code="0">(ETHUDK)000060313</subfield>
						<subfield code="2">ethudk</subfield>
					</datafield>
					<datafield ind1=" " ind2="7" tag="650">
						<subfield code="a">MILITÄRGESCHICHTE + KRIEGSGESCHICHTE</subfield>
						<subfield code="9">ger</subfield>
						<subfield code="0">(ETHUDK)000011813</subfield>
						<subfield code="2">ethudk</subfield>
					</datafield>
					<datafield ind1=" " ind2="7" tag="650">
						<subfield code="a">MILITÄRISCHER NACHRICHTENDIENST</subfield>
						<subfield code="9">ger</subfield>
						<subfield code="0">(ETHUDK)000037502</subfield>
						<subfield code="2">ethudk</subfield>
					</datafield>
					<datafield ind1=" " ind2="7" tag="650">
						<subfield code="a">POLITISCHE KOMMUNIKATION</subfield>
						<subfield code="9">ger</subfield>
						<subfield code="0">(ETHUDK)000010116</subfield>
						<subfield code="2">ethudk</subfield>
					</datafield>
					<datafield ind1=" " ind2="7" tag="650">
						<subfield code="a">PROPAGANDA + ZENSUR (MILITÄR)</subfield>
						<subfield code="9">ger</subfield>
						<subfield code="0">(ETHUDK)000011761</subfield>
						<subfield code="2">ethudk</subfield>
					</datafield>
					<datafield ind1=" " ind2="7" tag="650">
						<subfield code="a">STRATEGISCHE, MILITÄRISCHE TÄUSCHUNG</subfield>
						<subfield code="9">ger</subfield>
						<subfield code="0">(ETHUDK)000037372</subfield>
						<subfield code="2">ethudk</subfield>
					</datafield>
					<datafield ind1=" " ind2="7" tag="650">
						<subfield code="a">"1921/2017"</subfield>
						<subfield code="2">ethudk</subfield>
					</datafield>
					<datafield ind1=" " ind2="7" tag="650">
						<subfield code="a">Communication in politics</subfield>
						<subfield code="2">fast</subfield>
					</datafield>
					<datafield ind1=" " ind2="7" tag="650">
						<subfield code="a">Disinformation</subfield>
						<subfield code="2">fast</subfield>
					</datafield>
					<datafield ind1=" " ind2="7" tag="650">
						<subfield code="a">Fake news</subfield>
						<subfield code="2">fast</subfield>
					</datafield>
					<datafield ind1=" " ind2="7" tag="650">
						<subfield code="a">Internet</subfield>
						<subfield code="x">Political aspects</subfield>
						<subfield code="2">fast</subfield>
					</datafield>
					<datafield ind1=" " ind2="7" tag="650">
						<subfield code="a">Propaganda</subfield>
						<subfield code="2">fast</subfield>
					</datafield>
					<datafield ind1=" " ind2="7" tag="650">
						<subfield code="a">Social media</subfield>
						<subfield code="x">Political aspects</subfield>
						<subfield code="2">fast</subfield>
					</datafield>
					<datafield ind1=" " ind2="7" tag="650">
						<subfield code="a">POLITICAL SCIENCE</subfield>
						<subfield code="x">Intelligence &amp; Espionage</subfield>
						<subfield code="2">bisacsh</subfield>
					</datafield>
					<datafield ind1=" " ind2="7" tag="650">
						<subfield code="a">HISTORY</subfield>
						<subfield code="x">Russia &amp; the Former Soviet Union</subfield>
						<subfield code="2">bisacsh</subfield>
					</datafield>
					<datafield ind1=" " ind2="7" tag="650">
						<subfield code="a">HISTORY</subfield>
						<subfield code="z">United States</subfield>
						<subfield code="x">20th Century</subfield>
						<subfield code="2">bisacsh</subfield>
					</datafield>
					<datafield ind1=" " ind2="0" tag="650">
						<subfield code="a">Disinformation</subfield>
						<subfield code="x">History</subfield>
					</datafield>
					<datafield ind1=" " ind2="0" tag="650">
						<subfield code="a">Information warfare</subfield>
						<subfield code="x">Political aspects</subfield>
					</datafield>
					<datafield ind1=" " ind2="0" tag="650">
						<subfield code="a">Deception (Military science)</subfield>
						<subfield code="x">History</subfield>
					</datafield>
					<datafield ind1=" " ind2="0" tag="650">
						<subfield code="a">Leaks (Disclosure of information)</subfield>
						<subfield code="x">Political aspects</subfield>
					</datafield>
					<datafield ind1=" " ind2="0" tag="650">
						<subfield code="a">Intelligence service</subfield>
						<subfield code="x">History</subfield>
					</datafield>
					<datafield ind1=" " ind2="7" tag="650">
						<subfield code="a">Information warfare</subfield>
						<subfield code="0">(DE-588)4461975-3</subfield>
						<subfield code="2">gnd</subfield>
					</datafield>
					<datafield ind1=" " ind2="7" tag="650">
						<subfield code="a">Desinformation</subfield>
						<subfield code="0">(DE-588)4252093-9</subfield>
						<subfield code="2">gnd</subfield>
					</datafield>
					<datafield ind1=" " ind2="7" tag="650">
						<subfield code="a">Propaganda</subfield>
						<subfield code="2">gnd</subfield>
						<subfield code="0">(DE-588)4076374-2</subfield>
					</datafield>
					<datafield ind1=" " ind2="7" tag="650">
						<subfield code="a">Spionageabwehr</subfield>
						<subfield code="2">gnd</subfield>
						<subfield code="0">(DE-588)4182342-4</subfield>
					</datafield>
					<datafield ind1=" " ind2="4" tag="655">
						<subfield code="a">History</subfield>
					</datafield>
					<datafield ind1=" " ind2=" " tag="690">
						<subfield code="a">Desinformation; Kriegsführung; Handbuch; Leck; Kampfgruppe; Fälschung; Eskalieren; Vertrauen; Makler; Philosophie; Schmied; Technik; Atomwaffe; Frieden; Kreuz; Planung; Wahl</subfield>
						<subfield code="2">idssg-J</subfield>
					</datafield>
					<datafield ind1=" " ind2=" " tag="690">
						<subfield code="a">Wahlfälschung; Buchkrieg; Friedenskrieg; Wahlleck; Feldhandbuch; Betriebsplan; Hakenkreuz; Rassentechnik; Schattenmakler; Kampfverband</subfield>
						<subfield code="2">idssg-J</subfield>
					</datafield>
					<datafield ind1=" " ind2=" " tag="690">
						<subfield code="a">erstes Leck; aktive Maßnahme; amerikanische Desinformation; digitales Leck; digitale Maßnahme; fünfter Stand; nuklearer Winter; politische Kriegsführung; rotes Hakenkreuz</subfield>
						<subfield code="2">idssg-J</subfield>
					</datafield>
					<datafield ind1=" " ind2=" " tag="690">
						<subfield code="a">Vereinigte Staaten C1USA; Japan C9JAPA</subfield>
						<subfield code="2">idssg-J</subfield>
					</datafield>
					<datafield ind1=" " ind2=" " tag="690">
						<subfield code="a">Nuclear Freeze; RID FARRAR STRAUS; Thomas RID FARRAR STRAUS</subfield>
						<subfield code="2">idssg-J</subfield>
					</datafield>
					<datafield ind1="4" ind2="2" tag="856">
						<subfield code="3">Titelblatt und Inhaltsverzeichnis</subfield>
						<subfield code="u">https://toc.library.ethz.ch/objects/pdf03/e06_978-0-374-28726-9_01.pdf</subfield>
						<subfield code="q">pdf</subfield>
					</datafield>
					<datafield ind1=" " ind2=" " tag="900">
						<subfield code="a">IDSDSStoppsignal FRED</subfield>
					</datafield>
					<datafield ind1=" " ind2=" " tag="900">
						<subfield code="a">Stoppsignal FRED</subfield>
						<subfield code="x">RZS/LUUHL/202204</subfield>
					</datafield>
					<datafield ind1=" " ind2=" " tag="900">
						<subfield code="a">OK_GND</subfield>
						<subfield code="x">RZS/LUUHL/202204/geda</subfield>
					</datafield>
					<datafield ind1=" " ind2=" " tag="949">
						<subfield code="a">https://toc.library.ethz.ch/objects/pdf03/e06_978-0-374-28726-9_01.pdf</subfield>
					</datafield>
					<datafield ind1=" " ind2=" " tag="990">
						<subfield code="a">CH00142D924ACFA2FAFF6C12585FB002D7138</subfield>
						<subfield code="b">iCapture</subfield>
						<subfield code="9">local</subfield>
					</datafield>
					<datafield ind1=" " ind2=" " tag="AVA">
						<subfield code="0">9910893070105506</subfield>
						<subfield code="8">2247503610005506</subfield>
						<subfield code="a">41SLSP_HSG</subfield>
						<subfield code="b">HSG</subfield>
						<subfield code="c">Basement</subfield>
						<subfield code="d">MF 9500 R542</subfield>
						<subfield code="e">available</subfield>
						<subfield code="f">1</subfield>
						<subfield code="g">0</subfield>
						<subfield code="j">UG</subfield>
						<subfield code="k">4</subfield>
						<subfield code="p">1</subfield>
						<subfield code="q">HSG</subfield>
					</datafield>
				</record>
			</recordData>
			<recordIdentifier>9910893070105506</recordIdentifier>
			<recordPosition>6</recordPosition>
		</record>