
		<record>
			<recordSchema>marcxml</recordSchema>
			<recordPacking>xml</recordPacking>
			<recordData>
				<record xmlns="http://www.loc.gov/MARC21/slim">
					<leader>02135nam  2200373 i 4500</leader>
					<controlfield tag="001">9911088614005506</controlfield>
					<controlfield tag="005">20210112225309.0</controlfield>
					<controlfield tag="006">m|||||o||d||||||||</controlfield>
					<controlfield tag="007">cr cnu||||||||</controlfield>
					<controlfield tag="008">210428r20212020ctua   fob    001|0|eng|d</controlfield>
					<datafield ind1=" " ind2=" " tag="020">
						<subfield code="a">0-300-25633-7</subfield>
					</datafield>
					<datafield ind1="7" ind2=" " tag="024">
						<subfield code="a">10.12987/9780300256338</subfield>
						<subfield code="2">doi</subfield>
					</datafield>
					<datafield ind1=" " ind2=" " tag="035">
						<subfield code="a">(CKB)4100000011405551</subfield>
					</datafield>
					<datafield ind1=" " ind2=" " tag="035">
						<subfield code="a">(MiAaPQ)EBC6320060</subfield>
					</datafield>
					<datafield ind1=" " ind2=" " tag="035">
						<subfield code="a">(DE-B1597)570864</subfield>
					</datafield>
					<datafield ind1=" " ind2=" " tag="035">
						<subfield code="a">(DE-B1597)9780300256338</subfield>
					</datafield>
					<datafield ind1=" " ind2=" " tag="035">
						<subfield code="a">(StDuBDS)EDZ0002529937</subfield>
					</datafield>
					<datafield ind1=" " ind2=" " tag="035">
						<subfield code="a">(OCoLC)1193575475</subfield>
					</datafield>
					<datafield ind1=" " ind2=" " tag="035">
						<subfield code="a">(EXLCZ)994100000011405551</subfield>
					</datafield>
					<datafield ind1=" " ind2=" " tag="040">
						<subfield code="a">StDuBDS</subfield>
						<subfield code="b">eng</subfield>
						<subfield code="c">StDuBDS</subfield>
						<subfield code="e">rda</subfield>
						<subfield code="e">pn</subfield>
					</datafield>
					<datafield ind1=" " ind2=" " tag="044">
						<subfield code="a">ctu</subfield>
						<subfield code="c">US-CT</subfield>
					</datafield>
					<datafield ind1=" " ind2="4" tag="050">
						<subfield code="a">HS2865.L6</subfield>
					</datafield>
					<datafield ind1=" " ind2="7" tag="072">
						<subfield code="a">HIS054000</subfield>
						<subfield code="2">bisacsh</subfield>
					</datafield>
					<datafield ind1="0" ind2=" " tag="082">
						<subfield code="a">367.942132</subfield>
						<subfield code="2">23</subfield>
					</datafield>
					<datafield ind1="1" ind2=" " tag="100">
						<subfield code="a">Wheeler, Michael,</subfield>
						<subfield code="d">1947-</subfield>
						<subfield code="e">author.</subfield>
					</datafield>
					<datafield ind1="1" ind2="4" tag="245">
						<subfield code="a">The Athenaeum :</subfield>
						<subfield code="b">more than just another London Club /</subfield>
						<subfield code="c">Michael Wheeler.</subfield>
						<subfield code="h">[electronic resource]</subfield>
					</datafield>
					<datafield ind1=" " ind2="1" tag="264">
						<subfield code="a">New Haven :</subfield>
						<subfield code="b">Yale University Press,</subfield>
						<subfield code="c">2021.</subfield>
					</datafield>
					<datafield ind1=" " ind2=" " tag="300">
						<subfield code="a">1 online resource (467 pages)</subfield>
					</datafield>
					<datafield ind1=" " ind2=" " tag="336">
						<subfield code="a">text</subfield>
						<subfield code="b">txt</subfield>
						<subfield code="2">rdacontent</subfield>
					</datafield>
					<datafield ind1=" " ind2=" " tag="337">
						<subfield code="a">computer</subfield>
						<subfield code="b">c</subfield>
						<subfield code="2">rdamedia</subfield>
					</datafield>
					<datafield ind1=" " ind2=" " tag="338">
						<subfield code="a">online resource</subfield>
						<subfield code="b">cr</subfield>
						<subfield code="2">rdacarrier</subfield>
					</datafield>
					<datafield ind1="1" ind2=" " tag="490">
						<subfield code="a">Yale scholarship online</subfield>
					</datafield>
					<datafield ind1="0" ind2="0" tag="505">
						<subfield code="t">Frontmatter --</subfield>
						<subfield code="t">CONTENTS --</subfield>
						<subfield code="t">ILLUSTRATIONS --</subfield>
						<subfield code="t">STYLE, REFERENCES AND ABBREVIATIONS --</subfield>
						<subfield code="t">PREFACE --</subfield>
						<subfield code="t">PROLOGUE --</subfield>
						<subfield code="t">1. CROKER’S LONDON --</subfield>
						<subfield code="t">2. ‘A COMMITTEE HAVING BEEN FORMED’ --</subfield>
						<subfield code="t">3. ‘THEY HAVE BUILT A PERFECT PALACE’ --</subfield>
						<subfield code="t">4. ‘THE MOST EMINENT PERSONS IN THE LAND’ --</subfield>
						<subfield code="t">5. ‘A SCORE OF GRAVE GENTLEMEN’ --</subfield>
						<subfield code="t">6. LIBERAL HOSPITALITY --</subfield>
						<subfield code="t">7. STRANGERS AND BROTHERS --</subfield>
						<subfield code="t">8. CULTURE WARS --</subfield>
						<subfield code="t">9. A ROOMFUL OF OWLS --</subfield>
						<subfield code="t">10. ‘THE SECRET POWER OF ENGLAND’ --</subfield>
						<subfield code="t">11. CULTURAL REVOLUTION --</subfield>
						<subfield code="t">12. PLUS ÇA CHANGE --</subfield>
						<subfield code="t">NOTES --</subfield>
						<subfield code="t">INDEX</subfield>
					</datafield>
					<datafield ind1="8" ind2=" " tag="520">
						<subfield code="a">When it was founded in 1824, the Athenum broke the mold. Unlike in other preeminent clubs, its members were chosen on the basis of their achievements rather than on their background or political affiliation. Public rather than private life dominated the agenda. The club, with its tradition of hospitality to conflicting views, has attracted leading scientists, writers, artists, and intellectuals throughout its history, including Charles Darwin and Matthew Arnold, Edward Burne-Jones and Yehudi Menuhin, Winston Churchill and Gore Vidal. This book is not presented in the traditional, insular style of club histories, but devotes attention to the influence of Athenians on the scientific, creative, and official life of the nation.</subfield>
					</datafield>
					<datafield ind1=" " ind2=" " tag="588">
						<subfield code="a">Description based on online resource; title from home page (viewed on April 28, 2021).</subfield>
					</datafield>
					<datafield ind1=" " ind2=" " tag="521">
						<subfield code="a">Specialized.</subfield>
					</datafield>
					<datafield ind1=" " ind2=" " tag="500">
						<subfield code="a">Previously issued in print: 2020.</subfield>
					</datafield>
					<datafield ind1=" " ind2=" " tag="504">
						<subfield code="a">Includes bibliographical references and index.</subfield>
					</datafield>
					<datafield ind1=" " ind2="0" tag="651">
						<subfield code="a">Great Britain</subfield>
						<subfield code="x">Intellectual life.</subfield>
					</datafield>
					<datafield ind1="2" ind2="0" tag="610">
						<subfield code="a">Athenæum Club (London, England)</subfield>
						<subfield code="x">History.</subfield>
					</datafield>
					<datafield ind1=" " ind2="7" tag="650">
						<subfield code="a">HISTORY / Social History.</subfield>
						<subfield code="2">bisacsh</subfield>
					</datafield>
					<datafield ind1=" " ind2=" " tag="776">
						<subfield code="z">0-300-24677-3</subfield>
					</datafield>
					<datafield ind1=" " ind2="0" tag="830">
						<subfield code="a">Yale scholarship online.</subfield>
					</datafield>
					<datafield ind1=" " ind2=" " tag="906">
						<subfield code="a">BOOK</subfield>
					</datafield>
					<datafield ind1=" " ind2=" " tag="AVE">
						<subfield code="8">5369561320005506</subfield>
						<subfield code="c">6164319640005506</subfield>
						<subfield code="e">Available</subfield>
						<subfield code="m">Ebook Central Perpetual, DDA and Subscription Titles</subfield>
						<subfield code="t">Ebook Central</subfield>
						<subfield code="a">41SLSP_HSG</subfield>
						<subfield code="0">9911088614005506</subfield>
					</datafield>
				</record>
			</recordData>
			<recordIdentifier>9911088614005506</recordIdentifier>
			<recordPosition>7</recordPosition>
		</record>