
		<record>
			<recordSchema>marcxml</recordSchema>
			<recordPacking>xml</recordPacking>
			<recordData>
				<record xmlns="http://www.loc.gov/MARC21/slim">
					<leader>01379nam  2200325 i 4500</leader>
					<controlfield tag="001">9911088788205506</controlfield>
					<controlfield tag="005">20210315151804.0</controlfield>
					<controlfield tag="006">m     o  d |</controlfield>
					<controlfield tag="007">cr cnu||||||||</controlfield>
					<controlfield tag="008">210315s2020    nyua    o     000 0 eng d</controlfield>
					<datafield ind1=" " ind2=" " tag="020">
						<subfield code="a">1-64279-716-2</subfield>
					</datafield>
					<datafield ind1=" " ind2=" " tag="035">
						<subfield code="a">(CKB)4100000010239065</subfield>
					</datafield>
					<datafield ind1=" " ind2=" " tag="035">
						<subfield code="a">(MiAaPQ)EBC6448150</subfield>
					</datafield>
					<datafield ind1=" " ind2=" " tag="035">
						<subfield code="a">(EXLCZ)994100000010239065</subfield>
					</datafield>
					<datafield ind1=" " ind2=" " tag="040">
						<subfield code="a">MiAaPQ</subfield>
						<subfield code="b">eng</subfield>
						<subfield code="e">rda</subfield>
						<subfield code="e">pn</subfield>
						<subfield code="c">MiAaPQ</subfield>
						<subfield code="d">MiAaPQ</subfield>
					</datafield>
					<datafield ind1=" " ind2="4" tag="050">
						<subfield code="a">BF575.S39</subfield>
						<subfield code="b">.F387 2020</subfield>
					</datafield>
					<datafield ind1="0" ind2=" " tag="082">
						<subfield code="a">158.1</subfield>
						<subfield code="2">23</subfield>
					</datafield>
					<datafield ind1="1" ind2=" " tag="100">
						<subfield code="a">Fauske, Ben,</subfield>
						<subfield code="e">author.</subfield>
					</datafield>
					<datafield ind1="1" ind2="0" tag="245">
						<subfield code="a">Authentic confidence :</subfield>
						<subfield code="b">the secret to loving your work and leading an unstoppable career /</subfield>
						<subfield code="c">Ben Fauske.</subfield>
					</datafield>
					<datafield ind1=" " ind2="1" tag="264">
						<subfield code="a">New York, New York :</subfield>
						<subfield code="b">Morgan James Publishing,</subfield>
						<subfield code="c">[2020]</subfield>
					</datafield>
					<datafield ind1=" " ind2="4" tag="264">
						<subfield code="c">©2020</subfield>
					</datafield>
					<datafield ind1=" " ind2=" " tag="300">
						<subfield code="a">1 online resource (xviii, 171 pages) :</subfield>
						<subfield code="b">illustrations</subfield>
					</datafield>
					<datafield ind1=" " ind2=" " tag="336">
						<subfield code="a">text</subfield>
						<subfield code="b">txt</subfield>
						<subfield code="2">rdacontent</subfield>
					</datafield>
					<datafield ind1=" " ind2=" " tag="337">
						<subfield code="a">computer</subfield>
						<subfield code="b">c</subfield>
						<subfield code="2">rdamedia</subfield>
					</datafield>
					<datafield ind1=" " ind2=" " tag="338">
						<subfield code="a">online resource</subfield>
						<subfield code="b">cr</subfield>
						<subfield code="2">rdacarrier</subfield>
					</datafield>
					<datafield ind1=" " ind2=" " tag="588">
						<subfield code="a">Description based on print version record.</subfield>
					</datafield>
					<datafield ind1=" " ind2="0" tag="650">
						<subfield code="a">Self-confidence.</subfield>
					</datafield>
					<datafield ind1=" " ind2="4" tag="655">
						<subfield code="a">Electronic books.</subfield>
					</datafield>
					<datafield ind1=" " ind2=" " tag="906">
						<subfield code="a">BOOK</subfield>
					</datafield>
					<datafield ind1=" " ind2=" " tag="AVE">
						<subfield code="8">5369571530005506</subfield>
						<subfield code="c">6164319640005506</subfield>
						<subfield code="e">Available</subfield>
						<subfield code="m">Ebook Central Perpetual, DDA and Subscription Titles</subfield>
						<subfield code="t">Ebook Central</subfield>
						<subfield code="a">41SLSP_HSG</subfield>
						<subfield code="0">9911088788205506</subfield>
					</datafield>
				</record>
			</recordData>
			<recordIdentifier>9911088788205506</recordIdentifier>
			<recordPosition>8</recordPosition>
		</record>