
		<record>
			<recordSchema>marcxml</recordSchema>
			<recordPacking>xml</recordPacking>
			<recordData>
				<record xmlns="http://www.loc.gov/MARC21/slim">
					<leader>03825cam a22005897a 4500</leader>
					<controlfield tag="001">9911325673505506</controlfield>
					<controlfield tag="005">20230622022421.0</controlfield>
					<controlfield tag="006">m     o  d</controlfield>
					<controlfield tag="007">cr cnu||||||||</controlfield>
					<controlfield tag="008">230622s2018    mau    fo     000 0 eng d</controlfield>
					<datafield ind1=" " ind2=" " tag="035">
						<subfield code="a">(NBER)w24751</subfield>
					</datafield>
					<datafield ind1=" " ind2=" " tag="035">
						<subfield code="a">(CKB)4920000000463776</subfield>
					</datafield>
					<datafield ind1=" " ind2=" " tag="035">
						<subfield code="a">(EXLCZ)994920000000463776</subfield>
					</datafield>
					<datafield ind1=" " ind2=" " tag="040">
						<subfield code="a">MaCbNBER</subfield>
						<subfield code="b">eng</subfield>
						<subfield code="c">MaCbNBER</subfield>
					</datafield>
					<datafield ind1=" " ind2=" " tag="084">
						<subfield code="a">D83</subfield>
						<subfield code="2">jelc</subfield>
					</datafield>
					<datafield ind1=" " ind2=" " tag="084">
						<subfield code="a">E23</subfield>
						<subfield code="2">jelc</subfield>
					</datafield>
					<datafield ind1=" " ind2=" " tag="084">
						<subfield code="a">E32</subfield>
						<subfield code="2">jelc</subfield>
					</datafield>
					<datafield ind1=" " ind2=" " tag="084">
						<subfield code="a">E44</subfield>
						<subfield code="2">jelc</subfield>
					</datafield>
					<datafield ind1=" " ind2=" " tag="084">
						<subfield code="a">E58</subfield>
						<subfield code="2">jelc</subfield>
					</datafield>
					<datafield ind1=" " ind2=" " tag="084">
						<subfield code="a">G01</subfield>
						<subfield code="2">jelc</subfield>
					</datafield>
					<datafield ind1=" " ind2=" " tag="084">
						<subfield code="a">G21</subfield>
						<subfield code="2">jelc</subfield>
					</datafield>
					<datafield ind1=" " ind2=" " tag="084">
						<subfield code="a">G28</subfield>
						<subfield code="2">jelc</subfield>
					</datafield>
					<datafield ind1="1" ind2=" " tag="100">
						<subfield code="a">Jackson, Timothy.</subfield>
					</datafield>
					<datafield ind1="1" ind2="0" tag="245">
						<subfield code="a">Banks as Potentially Crooked Secret-Keepers /</subfield>
						<subfield code="c">Timothy Jackson, Laurence J. Kotlikoff.</subfield>
					</datafield>
					<datafield ind1=" " ind2=" " tag="260">
						<subfield code="a">Cambridge, Mass.</subfield>
						<subfield code="b">National Bureau of Economic Research</subfield>
						<subfield code="c">2018.</subfield>
					</datafield>
					<datafield ind1=" " ind2=" " tag="300">
						<subfield code="a">1 online resource:</subfield>
						<subfield code="b">illustrations (black and white);</subfield>
					</datafield>
					<datafield ind1="1" ind2=" " tag="490">
						<subfield code="a">NBER working paper series</subfield>
						<subfield code="v">no. w24751</subfield>
					</datafield>
					<datafield ind1="0" ind2=" " tag="588">
						<subfield code="a">Print version record</subfield>
					</datafield>
					<datafield ind1="3" ind2=" " tag="520">
						<subfield code="a">Bank failures are generally liquidity as well as solvency events. Whether it is households running on banks or banks running on banks, defunding episodes are full of drama. This theater has, arguably, lured economists into placing liquidity at the epicenter of financial collapse. But loss of liquidity describes how banks fail. Bad news about banks explains why they fail. This paper models banking crises as triggered by news that the degree (share) of banking malfeasance is likely to be particularly high. The malfeasance share follows a state-dependent Markov process. When this period's share is high, agents rationally raise their probability that next period's share will be high as well. Whether or not this proves true, agents invest less in banks, reducing intermediation and output. Deposit insurance prevents such defunding and stabilizes the economy. But it sustains bad banking, lowering welfare. Private monitoring helps, but is no panacea. It partially limits banking malfeasance. But it does so inefficiently as households needlessly replicate each others' costly information acquisition. Moreover, if private audits become public, private monitoring breaks down due to free-riding. Government real-time disclosure of banking malfeasant mitigates, if not eliminates, this public goods problem leading to potentially large gains in both non-stolen output and welfare.</subfield>
					</datafield>
					<datafield ind1=" " ind2=" " tag="500">
						<subfield code="a">June 2018.</subfield>
					</datafield>
					<datafield ind1=" " ind2="7" tag="650">
						<subfield code="a">Search • Learning • Information and Knowledge • Communication • Belief • Unawareness</subfield>
						<subfield code="2">jelc</subfield>
					</datafield>
					<datafield ind1=" " ind2="7" tag="650">
						<subfield code="a">Production</subfield>
						<subfield code="2">jelc</subfield>
					</datafield>
					<datafield ind1=" " ind2="7" tag="650">
						<subfield code="a">Business Fluctuations • Cycles</subfield>
						<subfield code="2">jelc</subfield>
					</datafield>
					<datafield ind1=" " ind2="7" tag="650">
						<subfield code="a">Financial Markets and the Macroeconomy</subfield>
						<subfield code="2">jelc</subfield>
					</datafield>
					<datafield ind1=" " ind2="7" tag="650">
						<subfield code="a">Central Banks and Their Policies</subfield>
						<subfield code="2">jelc</subfield>
					</datafield>
					<datafield ind1=" " ind2="7" tag="650">
						<subfield code="a">Financial Crises</subfield>
						<subfield code="2">jelc</subfield>
					</datafield>
					<datafield ind1=" " ind2="7" tag="650">
						<subfield code="a">Banks • Depository Institutions • Micro Finance Institutions • Mortgages</subfield>
						<subfield code="2">jelc</subfield>
					</datafield>
					<datafield ind1=" " ind2="7" tag="650">
						<subfield code="a">Government Policy and Regulation</subfield>
						<subfield code="2">jelc</subfield>
					</datafield>
					<datafield ind1="2" ind2=" " tag="710">
						<subfield code="a">National Bureau of Economic Research.</subfield>
					</datafield>
					<datafield ind1="1" ind2=" " tag="700">
						<subfield code="a">Kotlikoff, Laurence J.</subfield>
					</datafield>
					<datafield ind1=" " ind2="0" tag="830">
						<subfield code="a">Working Paper Series (National Bureau of Economic Research)</subfield>
						<subfield code="v">no. w24751.</subfield>
					</datafield>
					<datafield ind1=" " ind2=" " tag="906">
						<subfield code="a">BOOK</subfield>
					</datafield>
					<datafield ind1=" " ind2=" " tag="AVE">
						<subfield code="8">5387083840005506</subfield>
						<subfield code="c">6186832250005506</subfield>
						<subfield code="e">Available</subfield>
						<subfield code="m">National Bureau of Economic Research</subfield>
						<subfield code="t">National Bureau of Economic Research</subfield>
						<subfield code="a">41SLSP_HSG</subfield>
						<subfield code="0">9911325673505506</subfield>
					</datafield>
				</record>
			</recordData>
			<recordIdentifier>9911325673505506</recordIdentifier>
			<recordPosition>9</recordPosition>
		</record>