
		<record>
			<recordSchema>marcxml</recordSchema>
			<recordPacking>xml</recordPacking>
			<recordData>
				<record xmlns="http://www.loc.gov/MARC21/slim">
					<leader>03583nam a2200625Ii 4500</leader>
					<controlfield tag="001">9911350424905506</controlfield>
					<controlfield tag="005">20190122203254.0</controlfield>
					<controlfield tag="006">m     o  d</controlfield>
					<controlfield tag="007">cr</controlfield>
					<controlfield tag="008">190122t20182019fluab   ob    001 0 eng d</controlfield>
					<datafield ind1=" " ind2=" " tag="020">
						<subfield code="a">0-203-73166-2</subfield>
					</datafield>
					<datafield ind1=" " ind2=" " tag="020">
						<subfield code="a">1-351-39998-5</subfield>
					</datafield>
					<datafield ind1=" " ind2=" " tag="020">
						<subfield code="a">1-351-39999-3</subfield>
					</datafield>
					<datafield ind1=" " ind2=" " tag="035">
						<subfield code="a">(CKB)4100000007221252</subfield>
					</datafield>
					<datafield ind1=" " ind2=" " tag="035">
						<subfield code="a">(MiAaPQ)EBC5613639</subfield>
					</datafield>
					<datafield ind1=" " ind2=" " tag="035">
						<subfield code="a">(OCoLC)1078875315</subfield>
					</datafield>
					<datafield ind1=" " ind2=" " tag="035">
						<subfield code="a">(FlBoTFG)9780203731666</subfield>
					</datafield>
					<datafield ind1=" " ind2=" " tag="035">
						<subfield code="a">(EXLCZ)994100000007221252</subfield>
					</datafield>
					<datafield ind1=" " ind2=" " tag="040">
						<subfield code="a">FlBoTFG</subfield>
						<subfield code="c">FlBoTFG</subfield>
						<subfield code="e">rda</subfield>
					</datafield>
					<datafield ind1=" " ind2="4" tag="050">
						<subfield code="a">PN6728.B36</subfield>
						<subfield code="b">B76 2019</subfield>
					</datafield>
					<datafield ind1=" " ind2="7" tag="072">
						<subfield code="a">CGN</subfield>
						<subfield code="x">004080</subfield>
						<subfield code="2">bisacsh</subfield>
					</datafield>
					<datafield ind1=" " ind2="7" tag="072">
						<subfield code="a">SOC</subfield>
						<subfield code="x">052000</subfield>
						<subfield code="2">bisacsh</subfield>
					</datafield>
					<datafield ind1=" " ind2="7" tag="072">
						<subfield code="a">JFCA</subfield>
						<subfield code="2">bicscc</subfield>
					</datafield>
					<datafield ind1="0" ind2="4" tag="082">
						<subfield code="a">741.5973</subfield>
						<subfield code="2">23</subfield>
					</datafield>
					<datafield ind1="1" ind2=" " tag="100">
						<subfield code="a">Brown, Jeffrey A.,</subfield>
						<subfield code="e">author.</subfield>
					</datafield>
					<datafield ind1="1" ind2="0" tag="245">
						<subfield code="a">Batman and the Multiplicity of Identity :</subfield>
						<subfield code="b">The Contemporary Comic Book Superhero as Cultural Nexus /</subfield>
						<subfield code="c">by Jeffrey A. Brown.</subfield>
					</datafield>
					<datafield ind1=" " ind2=" " tag="250">
						<subfield code="a">First edition.</subfield>
					</datafield>
					<datafield ind1=" " ind2="1" tag="264">
						<subfield code="a">Boca Raton, FL :</subfield>
						<subfield code="b">Routledge,</subfield>
						<subfield code="c">[2018].</subfield>
					</datafield>
					<datafield ind1=" " ind2="4" tag="264">
						<subfield code="c">©2019.</subfield>
					</datafield>
					<datafield ind1=" " ind2=" " tag="300">
						<subfield code="a">1 online resource (237 pages) :</subfield>
						<subfield code="b">illustrations.</subfield>
					</datafield>
					<datafield ind1=" " ind2=" " tag="336">
						<subfield code="a">text</subfield>
						<subfield code="2">rdacontent</subfield>
					</datafield>
					<datafield ind1=" " ind2=" " tag="337">
						<subfield code="a">computer</subfield>
						<subfield code="2">rdamedia</subfield>
					</datafield>
					<datafield ind1=" " ind2=" " tag="338">
						<subfield code="a">online resource</subfield>
						<subfield code="2">rdacarrier</subfield>
					</datafield>
					<datafield ind1="1" ind2=" " tag="490">
						<subfield code="a">Routledge advances in comics studies</subfield>
					</datafield>
					<datafield ind1=" " ind2=" " tag="504">
						<subfield code="a">Includes bibliographical references and index.</subfield>
					</datafield>
					<datafield ind1=" " ind2=" " tag="588">
						<subfield code="a">Description based on online resource; title from PDF title page (ebrary, viewed December 17, 2018).</subfield>
					</datafield>
					<datafield ind1=" " ind2=" " tag="530">
						<subfield code="a">Also available in print format.</subfield>
					</datafield>
					<datafield ind1="0" ind2="0" tag="505">
						<subfield code="t">1. Introduction: "Always Be Batman" 2. Batman and Multiplicity: Stability and Variation  3. Batman and Sexuality: Secret Identities, Lust and Romance 4. Batman and Sons: Family and Patriarchal Authority 5. The Bat-Women: Caped Crusaders and Costumed Feminism 6. The Other Batmen: Whiteness, Appropriation and Colonization 7. Batman and Villainy: The Dark Side of the Dark Knight 8. "Im the Goshdarn Batman!" Affect and the Aesthetics of Cute Batman. =506  \\</subfield>
						<subfield code="a">License restrictions may limit access.</subfield>
					</datafield>
					<datafield ind1="3" ind2=" " tag="520">
						<subfield code="a">Concentrating primarily on contemporary depictions of Batman in the comic books, this book analyzes why Batman is so immensely popular right now in America and globally, and how the fictional Dark Knight reveals both new cultural concerns and longstanding beliefs about American values. The organizing premise is that while Batman is perceived as a very clearly defined character, he is open to a wide range of interpretations and depictions in the comics (what Henry Jenkins refers to as "multiplicities"), each of which allows access to different cultural issues. The idea of Batman functions as an anchoring point out of which multiple Batmen, or Batman-like characters, can occupy different positions: Grim Batman, Gay Batman, Female Batman, Black Batman, Cute Batman, and so on. Each iteration opens up a discussion of different cultural issues pertinent to modern society, such as sexuality, ethnicity, feminism and familial relationships.</subfield>
					</datafield>
					<datafield ind1=" " ind2="0" tag="650">
						<subfield code="a">Comic books, strips, etc.</subfield>
					</datafield>
					<datafield ind1=" " ind2="0" tag="650">
						<subfield code="a">Superheroes.</subfield>
					</datafield>
					<datafield ind1=" " ind2="4" tag="655">
						<subfield code="a">Electronic books.</subfield>
					</datafield>
					<datafield ind1=" " ind2=" " tag="776">
						<subfield code="z">1-138-30285-6</subfield>
					</datafield>
					<datafield ind1=" " ind2="0" tag="830">
						<subfield code="a">Routledge advances in comics studies.</subfield>
					</datafield>
					<datafield ind1=" " ind2=" " tag="906">
						<subfield code="a">BOOK</subfield>
					</datafield>
					<datafield ind1=" " ind2=" " tag="AVE">
						<subfield code="8">5390465890005506</subfield>
						<subfield code="c">6176611040005506</subfield>
						<subfield code="e">Available</subfield>
						<subfield code="m">Taylor &amp; Francis eBooks EBS</subfield>
						<subfield code="a">41SLSP_HSG</subfield>
						<subfield code="0">9911350424905506</subfield>
					</datafield>
				</record>
			</recordData>
			<recordIdentifier>9911350424905506</recordIdentifier>
			<recordPosition>10</recordPosition>
		</record>