
		<record>
			<recordSchema>marcxml</recordSchema>
			<recordPacking>xml</recordPacking>
			<recordData>
				<record xmlns="http://www.loc.gov/MARC21/slim">
					<leader>02837nam a2200565 c 4500</leader>
					<controlfield tag="001">9910901000105506</controlfield>
					<controlfield tag="005">20230327184315.0</controlfield>
					<controlfield tag="008">190630s2020    nyuaf    b    001 0 eng d</controlfield>
					<datafield ind1=" " ind2=" " tag="020">
						<subfield code="a">9781982107291</subfield>
						<subfield code="q">hardcover</subfield>
					</datafield>
					<datafield ind1=" " ind2=" " tag="020">
						<subfield code="a">1982107294</subfield>
						<subfield code="q">hardcover</subfield>
					</datafield>
					<datafield ind1=" " ind2=" " tag="020">
						<subfield code="z">9781982107314</subfield>
						<subfield code="q">ebook</subfield>
					</datafield>
					<datafield ind1=" " ind2=" " tag="035">
						<subfield code="a">(swissbib)005534240-41slsp_network</subfield>
					</datafield>
					<datafield ind1=" " ind2=" " tag="035">
						<subfield code="a">005534240</subfield>
						<subfield code="9">ExL</subfield>
					</datafield>
					<datafield ind1=" " ind2=" " tag="035">
						<subfield code="a">(IDSSG)001090100HSB01</subfield>
					</datafield>
					<datafield ind1=" " ind2=" " tag="035">
						<subfield code="a">(OCoLC)1105937787</subfield>
						<subfield code="z">(OCoLC)1137787933</subfield>
						<subfield code="z">(OCoLC)1139737575</subfield>
					</datafield>
					<datafield ind1=" " ind2=" " tag="035">
						<subfield code="a">(EXLNZ-41SLSP_NETWORK)991061884239705501</subfield>
					</datafield>
					<datafield ind1=" " ind2=" " tag="040">
						<subfield code="a">YDX</subfield>
						<subfield code="b">ger</subfield>
						<subfield code="e">rda</subfield>
						<subfield code="d">CH-ZuSLS</subfield>
					</datafield>
					<datafield ind1="0" ind2=" " tag="041">
						<subfield code="a">eng</subfield>
					</datafield>
					<datafield ind1=" " ind2=" " tag="043">
						<subfield code="a">n-us---</subfield>
					</datafield>
					<datafield ind1=" " ind2="4" tag="050">
						<subfield code="a">U264.3</subfield>
						<subfield code="b">.K35 2020</subfield>
					</datafield>
					<datafield ind1="0" ind2="4" tag="082">
						<subfield code="a">355.8251</subfield>
						<subfield code="2">23</subfield>
					</datafield>
					<datafield ind1="1" ind2=" " tag="100">
						<subfield code="a">Kaplan, Fred M.</subfield>
						<subfield code="e">Verfasser</subfield>
						<subfield code="4">aut</subfield>
					</datafield>
					<datafield ind1="1" ind2="0" tag="245">
						<subfield code="a">&lt;&lt;The&gt;&gt; bomb</subfield>
						<subfield code="b">presidents, generals, and the secret history of nuclear war</subfield>
						<subfield code="c">Fred Kaplan</subfield>
					</datafield>
					<datafield ind1=" " ind2=" " tag="250">
						<subfield code="a">First Simon &amp; Schuster hardcover edition</subfield>
					</datafield>
					<datafield ind1=" " ind2="1" tag="264">
						<subfield code="a">New York</subfield>
						<subfield code="b">Simon &amp; Schuster</subfield>
						<subfield code="c">2020</subfield>
					</datafield>
					<datafield ind1=" " ind2=" " tag="300">
						<subfield code="a">372 Seiten</subfield>
						<subfield code="b">Illustrationen</subfield>
						<subfield code="c">24 cm</subfield>
					</datafield>
					<datafield ind1=" " ind2=" " tag="336">
						<subfield code="b">txt</subfield>
						<subfield code="2">rdacontent</subfield>
					</datafield>
					<datafield ind1=" " ind2=" " tag="337">
						<subfield code="b">n</subfield>
						<subfield code="2">rdamedia</subfield>
					</datafield>
					<datafield ind1=" " ind2=" " tag="338">
						<subfield code="b">nc</subfield>
						<subfield code="2">rdacarrier</subfield>
					</datafield>
					<datafield ind1=" " ind2=" " tag="504">
						<subfield code="a">Includes bibliographical references (pages 303-346) and index</subfield>
					</datafield>
					<datafield ind1="0" ind2="0" tag="505">
						<subfield code="t">"Killing a nation" --</subfield>
						<subfield code="t">The race begins --</subfield>
						<subfield code="t">The crises --</subfield>
						<subfield code="t">"This goddamn poker game" --</subfield>
						<subfield code="t">Madman theories --</subfield>
						<subfield code="t">Bargaining chips --</subfield>
						<subfield code="t">"A super idea" --</subfield>
						<subfield code="t">Pulling back the curtain --</subfield>
						<subfield code="t">"A shrimp among whales" --</subfield>
						<subfield code="t">"Let's stipulate that this is all insane" --</subfield>
						<subfield code="t">"Fire and fury"</subfield>
					</datafield>
					<datafield ind1=" " ind2=" " tag="520">
						<subfield code="a">"Pulitzer Prize-winning journalist Fred Kaplan takes us into the White House Situation Room, the Joint Chiefs of Staff's "Tank" in the Pentagon, and the vast chambers of Strategic Command in Omaha to bring us the untold stories--based on exclusive interviews and previously classified documents--of how America's presidents and generals have thought about, threatened, broached, and, in some cases, just barely avoided nuclear war from the dawn of the atomic age until now." -- Front flap</subfield>
					</datafield>
					<datafield ind1=" " ind2="7" tag="648">
						<subfield code="a">Geschichte 1945-2020</subfield>
						<subfield code="2">gnd</subfield>
					</datafield>
					<datafield ind1=" " ind2="7" tag="650">
						<subfield code="a">Kernwaffe</subfield>
						<subfield code="0">(DE-588)4003434-3</subfield>
						<subfield code="2">gnd</subfield>
					</datafield>
					<datafield ind1=" " ind2="7" tag="650">
						<subfield code="a">Atomare Rüstung</subfield>
						<subfield code="0">(DE-588)4112614-2</subfield>
						<subfield code="2">gnd</subfield>
					</datafield>
					<datafield ind1=" " ind2="7" tag="650">
						<subfield code="a">Atomare Abrüstung</subfield>
						<subfield code="0">(DE-588)4332988-3</subfield>
						<subfield code="2">gnd</subfield>
					</datafield>
					<datafield ind1=" " ind2="7" tag="650">
						<subfield code="a">Atomkrieg</subfield>
						<subfield code="0">(DE-588)4003420-3</subfield>
						<subfield code="2">gnd</subfield>
					</datafield>
					<datafield ind1=" " ind2="0" tag="650">
						<subfield code="a">Nuclear weapons</subfield>
						<subfield code="x">Government policy</subfield>
						<subfield code="z">United States</subfield>
						<subfield code="x">History</subfield>
					</datafield>
					<datafield ind1=" " ind2="0" tag="650">
						<subfield code="a">Nuclear arms control</subfield>
						<subfield code="x">Government policy</subfield>
						<subfield code="z">United States</subfield>
						<subfield code="x">History</subfield>
					</datafield>
					<datafield ind1=" " ind2="0" tag="650">
						<subfield code="a">Nuclear disarmament</subfield>
						<subfield code="z">United States</subfield>
					</datafield>
					<datafield ind1=" " ind2="0" tag="650">
						<subfield code="a">National security</subfield>
						<subfield code="z">United States</subfield>
					</datafield>
					<datafield ind1=" " ind2="7" tag="650">
						<subfield code="a">National security</subfield>
						<subfield code="2">fast</subfield>
					</datafield>
					<datafield ind1=" " ind2="7" tag="650">
						<subfield code="a">Nuclear arms control</subfield>
						<subfield code="x">Government policy</subfield>
						<subfield code="2">fast</subfield>
					</datafield>
					<datafield ind1=" " ind2="7" tag="650">
						<subfield code="a">Nuclear disarmament</subfield>
						<subfield code="2">fast</subfield>
					</datafield>
					<datafield ind1=" " ind2="7" tag="650">
						<subfield code="a">Nuclear weapons</subfield>
						<subfield code="x">Government policy</subfield>
						<subfield code="2">fast</subfield>
					</datafield>
					<datafield ind1=" " ind2="7" tag="650">
						<subfield code="a">International relations</subfield>
						<subfield code="2">sears</subfield>
					</datafield>
					<datafield ind1=" " ind2="7" tag="650">
						<subfield code="a">Military</subfield>
						<subfield code="x">Research</subfield>
						<subfield code="2">sears</subfield>
					</datafield>
					<datafield ind1=" " ind2="7" tag="651">
						<subfield code="a">USA</subfield>
						<subfield code="0">(DE-588)4078704-7</subfield>
						<subfield code="2">gnd</subfield>
					</datafield>
					<datafield ind1=" " ind2="7" tag="651">
						<subfield code="a">United States</subfield>
						<subfield code="2">fast</subfield>
					</datafield>
					<datafield ind1=" " ind2="7" tag="651">
						<subfield code="a">Military policy</subfield>
						<subfield code="z">United States</subfield>
						<subfield code="2">sears</subfield>
					</datafield>
					<datafield ind1=" " ind2="7" tag="655">
						<subfield code="a">History</subfield>
						<subfield code="2">fast</subfield>
					</datafield>
					<datafield ind1=" " ind2=" " tag="AVA">
						<subfield code="0">9910901000105506</subfield>
						<subfield code="8">2247552820005506</subfield>
						<subfield code="a">41SLSP_HSG</subfield>
						<subfield code="b">HSG</subfield>
						<subfield code="c">Basement</subfield>
						<subfield code="d">MG 70940 K17</subfield>
						<subfield code="e">available</subfield>
						<subfield code="f">1</subfield>
						<subfield code="g">0</subfield>
						<subfield code="j">UG</subfield>
						<subfield code="k">4</subfield>
						<subfield code="p">1</subfield>
						<subfield code="q">HSG</subfield>
					</datafield>
				</record>
			</recordData>
			<recordIdentifier>9910901000105506</recordIdentifier>
			<recordPosition>11</recordPosition>
		</record>