
		<record>
			<recordSchema>marcxml</recordSchema>
			<recordPacking>xml</recordPacking>
			<recordData>
				<record xmlns="http://www.loc.gov/MARC21/slim">
					<leader>01894nam a2200349 i 4500</leader>
					<controlfield tag="001">9911023339405506</controlfield>
					<controlfield tag="005">20230616115118.0</controlfield>
					<controlfield tag="006">m     o  d</controlfield>
					<controlfield tag="007">cr |||||||||||</controlfield>
					<controlfield tag="008">230616s2020    xx      ob    001 0 eng d</controlfield>
					<datafield ind1=" " ind2=" " tag="020">
						<subfield code="a">3-96537-895-3</subfield>
					</datafield>
					<datafield ind1=" " ind2=" " tag="035">
						<subfield code="a">(UtSlPG)37092</subfield>
					</datafield>
					<datafield ind1=" " ind2=" " tag="035">
						<subfield code="a">(CKB)4100000010663147</subfield>
					</datafield>
					<datafield ind1=" " ind2=" " tag="035">
						<subfield code="a">(NjHacI)994100000010663147</subfield>
					</datafield>
					<datafield ind1=" " ind2=" " tag="035">
						<subfield code="a">(EXLCZ)994100000010663147</subfield>
					</datafield>
					<datafield ind1=" " ind2=" " tag="040">
						<subfield code="a">NjHacI</subfield>
						<subfield code="b">eng</subfield>
						<subfield code="e">rda</subfield>
						<subfield code="c">NjHacl</subfield>
					</datafield>
					<datafield ind1=" " ind2="4" tag="050">
						<subfield code="a">PN6071.D45</subfield>
						<subfield code="b">.D684 2020</subfield>
					</datafield>
					<datafield ind1="0" ind2="4" tag="082">
						<subfield code="a">808.83872</subfield>
						<subfield code="2">23</subfield>
					</datafield>
					<datafield ind1="1" ind2=" " tag="100">
						<subfield code="a">Doughty, Francis Worcester,</subfield>
						<subfield code="e">author.</subfield>
					</datafield>
					<datafield ind1="1" ind2="4" tag="245">
						<subfield code="a">The Bradys' Chinese Clew :</subfield>
						<subfield code="b">Or, The Secret Dens of Pell Street /</subfield>
						<subfield code="c">Francis Worcester Doughty.</subfield>
					</datafield>
					<datafield ind1=" " ind2="1" tag="264">
						<subfield code="a">[Place of publication not identified] :</subfield>
						<subfield code="b">Otbebookpublishing,</subfield>
						<subfield code="c">2020.</subfield>
					</datafield>
					<datafield ind1=" " ind2="4" tag="264">
						<subfield code="c">©2020</subfield>
					</datafield>
					<datafield ind1=" " ind2=" " tag="300">
						<subfield code="a">1 online resource (110 pages).</subfield>
					</datafield>
					<datafield ind1=" " ind2=" " tag="336">
						<subfield code="a">text</subfield>
						<subfield code="b">txt</subfield>
						<subfield code="2">rdacontent</subfield>
					</datafield>
					<datafield ind1=" " ind2=" " tag="337">
						<subfield code="a">computer</subfield>
						<subfield code="b">c</subfield>
						<subfield code="2">rdamedia</subfield>
					</datafield>
					<datafield ind1=" " ind2=" " tag="338">
						<subfield code="a">online resource</subfield>
						<subfield code="b">cr</subfield>
						<subfield code="2">rdacarrier</subfield>
					</datafield>
					<datafield ind1="1" ind2=" " tag="490">
						<subfield code="a">Classics to go</subfield>
					</datafield>
					<datafield ind1=" " ind2=" " tag="588">
						<subfield code="a">Description based on online resource; title from PDF title page (VLeBooks, viewed June 16, 2023).</subfield>
					</datafield>
					<datafield ind1=" " ind2=" " tag="520">
						<subfield code="a">DigiCat Publishing presents to you this special edition of "The Bradys' Chinese Clew; Or, The Secret Dens of Pell Street" by Francis Worcester Doughty. DigiCat Publishing considers every written word to be a legacy of humankind. Every DigiCat book has been carefully reproduced for republishing in a new modern format. The books are available in print, as well as ebooks. DigiCat hopes you will treat this work with the acknowledgment and passion it deserves as a classic of world literature.</subfield>
					</datafield>
					<datafield ind1=" " ind2=" " tag="504">
						<subfield code="a">Includes bibliographical references and index.</subfield>
					</datafield>
					<datafield ind1="0" ind2=" " tag="505">
						<subfield code="a">Intro -- The Bradys' Chinese Clew, -- CONTENTS -- CHAPTER I -- CHAPTER II -- CHAPTER III -- CHAPTER IV -- CHAPTER V -- CHAPTER VI -- CHAPTER VII -- CHAPTER VIII -- CHAPTER IX -- CHAPTER X -- CHAPTER XI -- CHAPTER XII.</subfield>
					</datafield>
					<datafield ind1=" " ind2="0" tag="650">
						<subfield code="a">Detective and mystery stories.</subfield>
					</datafield>
					<datafield ind1=" " ind2="0" tag="830">
						<subfield code="a">Classics to go.</subfield>
					</datafield>
					<datafield ind1=" " ind2=" " tag="906">
						<subfield code="a">BOOK</subfield>
					</datafield>
					<datafield ind1=" " ind2=" " tag="AVE">
						<subfield code="8">5366706590005506</subfield>
						<subfield code="c">6165459860005506</subfield>
						<subfield code="e">Available</subfield>
						<subfield code="m">Project Gutenberg Online Catalog</subfield>
						<subfield code="t">Project Gutenberg</subfield>
						<subfield code="a">41SLSP_HSG</subfield>
						<subfield code="0">9911023339405506</subfield>
					</datafield>
				</record>
			</recordData>
			<recordIdentifier>9911023339405506</recordIdentifier>
			<recordPosition>12</recordPosition>
		</record>