
		<record>
			<recordSchema>marcxml</recordSchema>
			<recordPacking>xml</recordPacking>
			<recordData>
				<record xmlns="http://www.loc.gov/MARC21/slim">
					<leader>04230nam a2200613 c 4500</leader>
					<controlfield tag="001">9910215390105506</controlfield>
					<controlfield tag="005">20230215160251.0</controlfield>
					<controlfield tag="008">201012s2018    enk      b    001 0 eng^^</controlfield>
					<datafield ind1=" " ind2=" " tag="010">
						<subfield code="a">2018007932</subfield>
					</datafield>
					<datafield ind1=" " ind2=" " tag="020">
						<subfield code="z">9781509524600</subfield>
						<subfield code="q">ePub</subfield>
					</datafield>
					<datafield ind1=" " ind2=" " tag="020">
						<subfield code="a">9781509524563</subfield>
						<subfield code="q">hb</subfield>
						<subfield code="c">GBP 55.00</subfield>
					</datafield>
					<datafield ind1=" " ind2=" " tag="020">
						<subfield code="a">9781509524570</subfield>
						<subfield code="q">paperback</subfield>
					</datafield>
					<datafield ind1=" " ind2=" " tag="020">
						<subfield code="a">1509524568</subfield>
					</datafield>
					<datafield ind1=" " ind2=" " tag="020">
						<subfield code="a">1509524576</subfield>
					</datafield>
					<datafield ind1=" " ind2=" " tag="035">
						<subfield code="a">(swissbib)238600815-41slsp_network</subfield>
					</datafield>
					<datafield ind1=" " ind2=" " tag="035">
						<subfield code="a">238600815</subfield>
						<subfield code="9">ExL</subfield>
					</datafield>
					<datafield ind1=" " ind2=" " tag="035">
						<subfield code="a">(IDSSG)001021539HSB01</subfield>
					</datafield>
					<datafield ind1=" " ind2=" " tag="035">
						<subfield code="a">(IDSLU)001320789ILU01</subfield>
					</datafield>
					<datafield ind1=" " ind2=" " tag="035">
						<subfield code="a">(OCoLC)1042076396</subfield>
						<subfield code="z">(OCoLC)1028186070</subfield>
						<subfield code="z">(OCoLC)1028208985</subfield>
						<subfield code="z">(OCoLC)1028522901</subfield>
						<subfield code="z">(OCoLC)1028526704</subfield>
						<subfield code="z">(OCoLC)1028546294</subfield>
						<subfield code="z">(OCoLC)1028546935</subfield>
						<subfield code="z">(OCoLC)1028586330</subfield>
						<subfield code="z">(OCoLC)1028587987</subfield>
					</datafield>
					<datafield ind1=" " ind2=" " tag="035">
						<subfield code="a">(OCoLC)1028208985</subfield>
						<subfield code="z">(OCoLC)1028522901</subfield>
						<subfield code="z">(OCoLC)1028526704</subfield>
						<subfield code="z">(OCoLC)1028546294</subfield>
						<subfield code="z">(OCoLC)1028546935</subfield>
						<subfield code="z">(OCoLC)1028586330</subfield>
						<subfield code="z">(OCoLC)1028587987</subfield>
					</datafield>
					<datafield ind1=" " ind2=" " tag="035">
						<subfield code="a">(EXLNZ-41SLSP_NETWORK)991037634739705501</subfield>
					</datafield>
					<datafield ind1=" " ind2=" " tag="040">
						<subfield code="a">DLC</subfield>
						<subfield code="b">ger</subfield>
						<subfield code="e">rda</subfield>
						<subfield code="d">CH-ZuSLS</subfield>
					</datafield>
					<datafield ind1=" " ind2=" " tag="043">
						<subfield code="a">a-cc---</subfield>
					</datafield>
					<datafield ind1="0" ind2="0" tag="050">
						<subfield code="a">JQ1519.A5</subfield>
						<subfield code="b">B75 2018</subfield>
					</datafield>
					<datafield ind1=" " ind2="7" tag="072">
						<subfield code="a">160</subfield>
						<subfield code="2">IDS LU</subfield>
					</datafield>
					<datafield ind1="0" ind2="0" tag="082">
						<subfield code="a">306.20951</subfield>
						<subfield code="2">23</subfield>
					</datafield>
					<datafield ind1="7" ind2="4" tag="082">
						<subfield code="a">320</subfield>
						<subfield code="2">23sdnb</subfield>
					</datafield>
					<datafield ind1=" " ind2=" " tag="084">
						<subfield code="a">MH 50370</subfield>
						<subfield code="2">rvk</subfield>
					</datafield>
					<datafield ind1="1" ind2=" " tag="100">
						<subfield code="6">880-01</subfield>
						<subfield code="a">Brown, Kerry</subfield>
						<subfield code="d">1967-</subfield>
						<subfield code="0">(DE-588)143740865</subfield>
						<subfield code="e">Verfasser</subfield>
						<subfield code="4">aut</subfield>
					</datafield>
					<datafield ind1="1" ind2=" " tag="880">
						<subfield code="6">100-01/(B</subfield>
						<subfield code="a">Brown, Kerry</subfield>
						<subfield code="d">1967-....</subfield>
						<subfield code="0">(IDREF)12187365X</subfield>
						<subfield code="4">aut</subfield>
					</datafield>
					<datafield ind1="1" ind2="0" tag="245">
						<subfield code="a">China's dream</subfield>
						<subfield code="b">the culture of Chinese communism and the secret sources of its power</subfield>
						<subfield code="c">Kerry Brown</subfield>
					</datafield>
					<datafield ind1=" " ind2="1" tag="264">
						<subfield code="a">Cambridge, UK</subfield>
						<subfield code="b">Polity</subfield>
						<subfield code="c">2018</subfield>
					</datafield>
					<datafield ind1=" " ind2=" " tag="300">
						<subfield code="a">x, 195 Seiten</subfield>
						<subfield code="c">23 cm</subfield>
					</datafield>
					<datafield ind1=" " ind2=" " tag="336">
						<subfield code="b">txt</subfield>
						<subfield code="2">rdacontent</subfield>
					</datafield>
					<datafield ind1=" " ind2=" " tag="337">
						<subfield code="b">n</subfield>
						<subfield code="2">rdamedia</subfield>
					</datafield>
					<datafield ind1=" " ind2=" " tag="338">
						<subfield code="b">nc</subfield>
						<subfield code="2">rdacarrier</subfield>
					</datafield>
					<datafield ind1=" " ind2=" " tag="504">
						<subfield code="a">Includes bibliographical references and index</subfield>
					</datafield>
					<datafield ind1=" " ind2=" " tag="520">
						<subfield code="a">"The Communist Party of China is one of the great political forces of modern times. In charge of the destiny of a fifth of humanity, it survives despite the collapse of similar systems elsewhere. Few however understand the sources of this resilience, or, for that matter, what the Party itself stands for is the first book to explore the Communist Party as a cultural, rather than a political, entity. It looks at the narratives the Party has created to recount its own history, with the moral story about national rejuvenation and renaissance that these encode. It does not shy away from the thorny issue of how a Party under Mao Zedong, one associated with self-sacrifice, collectivist effort and anti-individualism, came to pragmatically embrace market capitalism and a new ethics. Here self-development and the space we now call Deep China, the China of individual Chinese people's lives outside the bounds of politics, sit beside the maintenance of state and party control over key areas of public life. The tensions to which this gives rise have resulted in a crisis of values, which is now being addressed - with very mixed results - by the CCP. Drawing on his extensive knowledge of contemporary China, Kerry Brown takes us on a unique and fascinating journey through the least understood aspect of China today - not the great economic revolution in the material world, but the deep cultural revolution already underway in Chinese people's daily lives"--Publisher's description</subfield>
					</datafield>
					<datafield ind1="2" ind2="0" tag="610">
						<subfield code="a">Zhongguo gong chan dang</subfield>
					</datafield>
					<datafield ind1="2" ind2="7" tag="610">
						<subfield code="a">Zhong guo gong chan dang</subfield>
						<subfield code="0">(DE-588)4564-0</subfield>
						<subfield code="2">gnd</subfield>
					</datafield>
					<datafield ind1=" " ind2="0" tag="650">
						<subfield code="a">Communism</subfield>
						<subfield code="x">Social aspects</subfield>
						<subfield code="x">China</subfield>
					</datafield>
					<datafield ind1=" " ind2="0" tag="650">
						<subfield code="a">Social change</subfield>
						<subfield code="x">China</subfield>
					</datafield>
					<datafield ind1=" " ind2="7" tag="650">
						<subfield code="a">Politische Kultur</subfield>
						<subfield code="0">(DE-588)4046540-8</subfield>
						<subfield code="2">gnd</subfield>
					</datafield>
					<datafield ind1=" " ind2="7" tag="650">
						<subfield code="a">Maoismus</subfield>
						<subfield code="0">(DE-588)4037432-4</subfield>
						<subfield code="2">gnd</subfield>
					</datafield>
					<datafield ind1=" " ind2="7" tag="650">
						<subfield code="a">Einparteiensystem</subfield>
						<subfield code="0">(DE-588)4013915-3</subfield>
						<subfield code="2">gnd</subfield>
					</datafield>
					<datafield ind1=" " ind2="0" tag="651">
						<subfield code="a">China</subfield>
						<subfield code="x">Social policy</subfield>
					</datafield>
					<datafield ind1=" " ind2="0" tag="651">
						<subfield code="a">China</subfield>
						<subfield code="x">Social conditions</subfield>
						<subfield code="y">2000-</subfield>
					</datafield>
					<datafield ind1=" " ind2="7" tag="651">
						<subfield code="a">China</subfield>
						<subfield code="0">(DE-588)4009937-4</subfield>
						<subfield code="2">gnd</subfield>
					</datafield>
					<datafield ind1=" " ind2=" " tag="690">
						<subfield code="a">Kommunist; Traum; Kultur; Drama; Idee; Macht; Quelle; Chinese; Erzählung; Lesung; Ästhetik; Chronologie; Autor; Brown; Index; Kampf; Kerry; Krise; Vergangenheit; Vi</subfield>
						<subfield code="2">idssg-J</subfield>
					</datafield>
					<datafield ind1=" " ind2=" " tag="690">
						<subfield code="a">Gemeinwesen</subfield>
						<subfield code="2">idssg-J</subfield>
					</datafield>
					<datafield ind1=" " ind2=" " tag="690">
						<subfield code="a">große Mission; chinesischer Kommunismus; dunkele Vergangenheit; empfohlene Lesung; geheime Quelle; guter Chinese; historische Mission; ideologischer Kampf; moralische Erzählung; moralische Krise</subfield>
						<subfield code="2">idssg-J</subfield>
					</datafield>
					<datafield ind1=" " ind2=" " tag="690">
						<subfield code="a">China C9CHIN</subfield>
						<subfield code="2">idssg-J</subfield>
					</datafield>
					<datafield ind1=" " ind2=" " tag="690">
						<subfield code="a">autor xii; Macht Chinas Traum; Macht Kerry Brown Gemeinwesen</subfield>
						<subfield code="2">idssg-J</subfield>
					</datafield>
					<datafield ind1="4" ind2="0" tag="856">
						<subfield code="u">https://unisg.link/hm00669470</subfield>
						<subfield code="z">Inhaltsverzeichnis</subfield>
					</datafield>
					<datafield ind1=" " ind2=" " tag="949">
						<subfield code="a">https://unisg.link/hm00669470</subfield>
					</datafield>
					<datafield ind1=" " ind2=" " tag="990">
						<subfield code="a">CH001434B5840F2C67D16C125834600347F37</subfield>
						<subfield code="b">iCapture</subfield>
						<subfield code="9">local</subfield>
					</datafield>
					<datafield ind1=" " ind2=" " tag="AVA">
						<subfield code="0">9910215390105506</subfield>
						<subfield code="8">2245354760005506</subfield>
						<subfield code="a">41SLSP_HSG</subfield>
						<subfield code="b">HSG</subfield>
						<subfield code="c">Basement</subfield>
						<subfield code="d">MH 50370 B878 C53</subfield>
						<subfield code="e">available</subfield>
						<subfield code="f">1</subfield>
						<subfield code="g">0</subfield>
						<subfield code="j">UG</subfield>
						<subfield code="k">4</subfield>
						<subfield code="p">1</subfield>
						<subfield code="q">HSG</subfield>
					</datafield>
				</record>
			</recordData>
			<recordIdentifier>9910215390105506</recordIdentifier>
			<recordPosition>14</recordPosition>
		</record>