
		<record>
			<recordSchema>marcxml</recordSchema>
			<recordPacking>xml</recordPacking>
			<recordData>
				<record xmlns="http://www.loc.gov/MARC21/slim">
					<leader>00981nam a2200289 c 4500</leader>
					<controlfield tag="001">9911292853405506</controlfield>
					<controlfield tag="005">20230424234452.0</controlfield>
					<controlfield tag="008">220623s2022    gw ||||      |00| ||ger d</controlfield>
					<datafield ind1=" " ind2=" " tag="020">
						<subfield code="a">9783747203507</subfield>
					</datafield>
					<datafield ind1=" " ind2=" " tag="035">
						<subfield code="a">(CH-ZuSLS)991171018027405501</subfield>
					</datafield>
					<datafield ind1=" " ind2=" " tag="035">
						<subfield code="a">(EXLNZ-41SLSP_NETWORK)991171018027405501</subfield>
					</datafield>
					<datafield ind1=" " ind2=" " tag="040">
						<subfield code="a">CH-ZuSLS HSG</subfield>
						<subfield code="b">ger</subfield>
						<subfield code="e">rda</subfield>
						<subfield code="d">CH-ZuSLS RZS</subfield>
					</datafield>
					<datafield ind1="0" ind2=" " tag="041">
						<subfield code="a">ger</subfield>
						<subfield code="h">eng</subfield>
					</datafield>
					<datafield ind1=" " ind2="7" tag="072">
						<subfield code="a">592</subfield>
						<subfield code="2">IDS LU</subfield>
					</datafield>
					<datafield ind1="7" ind2="4" tag="082">
						<subfield code="a">810</subfield>
						<subfield code="2">23sdnb</subfield>
					</datafield>
					<datafield ind1=" " ind2=" " tag="084">
						<subfield code="a">B</subfield>
						<subfield code="2">23sdnb</subfield>
					</datafield>
					<datafield ind1=" " ind2=" " tag="084">
						<subfield code="a">HV 98000</subfield>
						<subfield code="2">rvk</subfield>
					</datafield>
					<datafield ind1="1" ind2=" " tag="100">
						<subfield code="a">Philyaw, Deesha</subfield>
						<subfield code="d">1971-</subfield>
						<subfield code="4">aut</subfield>
						<subfield code="0">(DE-588)1221968785</subfield>
					</datafield>
					<datafield ind1="1" ind2="4" tag="240">
						<subfield code="a">&lt;&lt;The&gt;&gt; secret lives of church ladies</subfield>
					</datafield>
					<datafield ind1="1" ind2="0" tag="245">
						<subfield code="a">Church Ladies</subfield>
						<subfield code="b">Erzählungen</subfield>
						<subfield code="c">Deesha Philyaw ; aus dem amerikanischen Englisch von Elke Link und Sabine Roth</subfield>
					</datafield>
					<datafield ind1=" " ind2=" " tag="250">
						<subfield code="a">Deutsche Originalausgabe, 1. Auflage</subfield>
					</datafield>
					<datafield ind1=" " ind2="1" tag="264">
						<subfield code="a">Cadolzburg</subfield>
						<subfield code="b">ars vivendi</subfield>
						<subfield code="c">2022</subfield>
					</datafield>
					<datafield ind1=" " ind2=" " tag="300">
						<subfield code="a">195 Seiten</subfield>
					</datafield>
					<datafield ind1=" " ind2=" " tag="336">
						<subfield code="b">txt</subfield>
						<subfield code="2">rdacontent</subfield>
					</datafield>
					<datafield ind1=" " ind2=" " tag="337">
						<subfield code="b">n</subfield>
						<subfield code="2">rdamedia</subfield>
					</datafield>
					<datafield ind1=" " ind2=" " tag="338">
						<subfield code="b">nc</subfield>
						<subfield code="2">rdacarrier</subfield>
					</datafield>
					<datafield ind1="1" ind2=" " tag="700">
						<subfield code="a">Link, Elke</subfield>
						<subfield code="d">1962-</subfield>
						<subfield code="4">trl</subfield>
						<subfield code="0">(DE-588)137803273</subfield>
					</datafield>
					<datafield ind1="1" ind2=" " tag="700">
						<subfield code="a">Roth, Sabine</subfield>
						<subfield code="d">1963-</subfield>
						<subfield code="4">trl</subfield>
						<subfield code="0">(DE-588)136655564</subfield>
					</datafield>
					<datafield ind1=" " ind2=" " tag="965">
						<subfield code="a">Bestseller 2022 (Deutsch)</subfield>
						<subfield code="9">local</subfield>
					</datafield>
					<datafield ind1=" " ind2=" " tag="AVA">
						<subfield code="0">9911292853405506</subfield>
						<subfield code="8">2283497410005506</subfield>
						<subfield code="a">41SLSP_HSG</subfield>
						<subfield code="b">HSG</subfield>
						<subfield code="c">Best-Reader</subfield>
						<subfield code="d">HU 9800 P571 S4</subfield>
						<subfield code="e">unavailable</subfield>
						<subfield code="f">1</subfield>
						<subfield code="g">1</subfield>
						<subfield code="j">BEST</subfield>
						<subfield code="k">4</subfield>
						<subfield code="p">1</subfield>
						<subfield code="q">HSG</subfield>
					</datafield>
				</record>
			</recordData>
			<recordIdentifier>9911292853405506</recordIdentifier>
			<recordPosition>15</recordPosition>
		</record>