
		<record>
			<recordSchema>marcxml</recordSchema>
			<recordPacking>xml</recordPacking>
			<recordData>
				<record xmlns="http://www.loc.gov/MARC21/slim">
					<leader>05283nam a2200937 c 4500</leader>
					<controlfield tag="001">9910220850105506</controlfield>
					<controlfield tag="005">20230412165935.0</controlfield>
					<controlfield tag="008">201012t20182018xxu      b||| 001 0 eng|c</controlfield>
					<datafield ind1=" " ind2=" " tag="010">
						<subfield code="a">2018023380</subfield>
					</datafield>
					<datafield ind1=" " ind2=" " tag="020">
						<subfield code="z">9781501730689</subfield>
						<subfield code="q">ePDF</subfield>
					</datafield>
					<datafield ind1=" " ind2=" " tag="020">
						<subfield code="z">9781501730696</subfield>
						<subfield code="q">ePub</subfield>
					</datafield>
					<datafield ind1=" " ind2=" " tag="020">
						<subfield code="a">9781501730658</subfield>
						<subfield code="q">cloth</subfield>
						<subfield code="q">alk. paper</subfield>
					</datafield>
					<datafield ind1=" " ind2=" " tag="035">
						<subfield code="a">(swissbib)240025563-41slsp_network</subfield>
					</datafield>
					<datafield ind1=" " ind2=" " tag="035">
						<subfield code="a">240025563</subfield>
						<subfield code="9">ExL</subfield>
					</datafield>
					<datafield ind1=" " ind2=" " tag="035">
						<subfield code="a">(NEBIS)011309552EBI01</subfield>
					</datafield>
					<datafield ind1=" " ind2=" " tag="035">
						<subfield code="a">(IDSSG)001022085HSB01</subfield>
					</datafield>
					<datafield ind1=" " ind2=" " tag="035">
						<subfield code="a">(RERO)R008877982-41slsp</subfield>
					</datafield>
					<datafield ind1=" " ind2=" " tag="035">
						<subfield code="a">(OCoLC)1028909343</subfield>
					</datafield>
					<datafield ind1=" " ind2=" " tag="035">
						<subfield code="a">(EXLNZ-41SLSP_NETWORK)991071795869705501</subfield>
					</datafield>
					<datafield ind1=" " ind2=" " tag="040">
						<subfield code="a">NIC/DLC</subfield>
						<subfield code="b">ger</subfield>
						<subfield code="e">rda</subfield>
						<subfield code="d">CH-ZuSLS</subfield>
					</datafield>
					<datafield ind1="0" ind2=" " tag="041">
						<subfield code="a">eng</subfield>
					</datafield>
					<datafield ind1=" " ind2=" " tag="042">
						<subfield code="a">pcc</subfield>
					</datafield>
					<datafield ind1=" " ind2=" " tag="043">
						<subfield code="a">n-us---</subfield>
					</datafield>
					<datafield ind1="0" ind2="0" tag="050">
						<subfield code="a">JC489</subfield>
						<subfield code="b">.O67 2018</subfield>
					</datafield>
					<datafield ind1=" " ind2="7" tag="072">
						<subfield code="a">sp</subfield>
						<subfield code="2">rero</subfield>
					</datafield>
					<datafield ind1="0" ind2="0" tag="082">
						<subfield code="a">327.1273009/045</subfield>
						<subfield code="2">23</subfield>
					</datafield>
					<datafield ind1="1" ind2="4" tag="082">
						<subfield code="a">320</subfield>
						<subfield code="2">15</subfield>
					</datafield>
					<datafield ind1=" " ind2=" " tag="084">
						<subfield code="a">ML 5700</subfield>
						<subfield code="2">rvk</subfield>
					</datafield>
					<datafield ind1=" " ind2=" " tag="084">
						<subfield code="a">NQ 5910</subfield>
						<subfield code="2">rvk</subfield>
					</datafield>
					<datafield ind1="1" ind2=" " tag="100">
						<subfield code="a">O'Rourke, Lindsey A.</subfield>
						<subfield code="0">(DE-588)1173996478</subfield>
						<subfield code="e">Verfasser</subfield>
						<subfield code="4">aut</subfield>
						<subfield code="6">880-01</subfield>
					</datafield>
					<datafield ind1="1" ind2=" " tag="880">
						<subfield code="a">O'Rourke, Lindsey A.</subfield>
						<subfield code="0">(RERO)A027808414</subfield>
						<subfield code="4">aut</subfield>
						<subfield code="6">100-01</subfield>
					</datafield>
					<datafield ind1="1" ind2="0" tag="245">
						<subfield code="a">Covert regime change</subfield>
						<subfield code="b">America's secret Cold War</subfield>
						<subfield code="c">Lindsey A. O'Rourke</subfield>
					</datafield>
					<datafield ind1=" " ind2="1" tag="264">
						<subfield code="a">Ithaca</subfield>
						<subfield code="a">London</subfield>
						<subfield code="b">Cornell University Press</subfield>
						<subfield code="c">[2018]</subfield>
					</datafield>
					<datafield ind1=" " ind2="4" tag="264">
						<subfield code="c">©2018</subfield>
					</datafield>
					<datafield ind1=" " ind2=" " tag="300">
						<subfield code="a">xiv, 312 pages</subfield>
						<subfield code="b">illustrations</subfield>
						<subfield code="c">24 cm</subfield>
					</datafield>
					<datafield ind1=" " ind2=" " tag="336">
						<subfield code="b">txt</subfield>
						<subfield code="2">rdacontent</subfield>
					</datafield>
					<datafield ind1=" " ind2=" " tag="337">
						<subfield code="b">n</subfield>
						<subfield code="2">rdamedia</subfield>
					</datafield>
					<datafield ind1=" " ind2=" " tag="338">
						<subfield code="b">nc</subfield>
						<subfield code="2">rdacarrier</subfield>
					</datafield>
					<datafield ind1="0" ind2=" " tag="490">
						<subfield code="a">Cornell studies in security affairs</subfield>
					</datafield>
					<datafield ind1=" " ind2=" " tag="504">
						<subfield code="a">Includes bibliographical references and index</subfield>
					</datafield>
					<datafield ind1="0" ind2=" " tag="505">
						<subfield code="a">The false promise of covert regime change -- Causes : why do states launch regime changes? -- Conduct : why do states intervene covertly versus overtly? -- Consequences : how effective are covert regime changes? -- Overview of U.S.-backed regime changes during the Cold War -- Fostering communist heresy in Eastern Europe -- Containment, coup d'etat and the covert war in Vietnam -- Dictators and democrats in the Dominican Republic -- Covert regime change after the Cold War</subfield>
					</datafield>
					<datafield ind1=" " ind2=" " tag="520">
						<subfield code="a">"This study is the first to systematically assemble an original dataset of all American regime change operations during the Cold War. The United States attempted more than 10 times more covert than overt regime changes. The author asks three questions: What motivates states to attempt foreign regime changes? Why do states prefer to conduct these operations covertly, as opposed to overtly? How successful are these missions in achieving their foreign policy goals?"--Publisher's description</subfield>
					</datafield>
					<datafield ind1="2" ind2="7" tag="611">
						<subfield code="a">Cold War (1945-1989)</subfield>
						<subfield code="2">fast</subfield>
					</datafield>
					<datafield ind1=" " ind2="7" tag="648">
						<subfield code="a">Geschichte 1945-1989</subfield>
						<subfield code="2">gnd</subfield>
					</datafield>
					<datafield ind1=" " ind2="7" tag="650">
						<subfield code="a">Diplomatic relations</subfield>
						<subfield code="2">fast</subfield>
					</datafield>
					<datafield ind1=" " ind2="7" tag="650">
						<subfield code="a">Regime change</subfield>
						<subfield code="2">fast</subfield>
					</datafield>
					<datafield ind1=" " ind2="7" tag="650">
						<subfield code="a">AUSSENPOLITIK + AUSLANDSBEZIEHUNGEN (INTERNATIONALE POLITIK)</subfield>
						<subfield code="9">ger</subfield>
						<subfield code="0">(ETHUDK)000010209</subfield>
						<subfield code="2">ethudk</subfield>
					</datafield>
					<datafield ind1=" " ind2="7" tag="650">
						<subfield code="a">GESCHICHTE</subfield>
						<subfield code="9">ger</subfield>
						<subfield code="0">(ETHUDK)000036805</subfield>
						<subfield code="2">ethudk</subfield>
					</datafield>
					<datafield ind1=" " ind2="7" tag="650">
						<subfield code="a">KALTER KRIEG (INTERNATIONALE POLITIK)</subfield>
						<subfield code="9">ger</subfield>
						<subfield code="0">(ETHUDK)000010226</subfield>
						<subfield code="2">ethudk</subfield>
					</datafield>
					<datafield ind1=" " ind2="7" tag="650">
						<subfield code="a">REVOLUTION + UMSTURZ (INNENPOLITIK)</subfield>
						<subfield code="9">ger</subfield>
						<subfield code="0">(ETHUDK)000010171</subfield>
						<subfield code="2">ethudk</subfield>
					</datafield>
					<datafield ind1=" " ind2="7" tag="650">
						<subfield code="a">VEREINIGTE STAATEN VON AMERIKA, USA (NORDAMERIKA)</subfield>
						<subfield code="9">ger</subfield>
						<subfield code="0">(ETHUDK)000007826</subfield>
						<subfield code="2">ethudk</subfield>
					</datafield>
					<datafield ind1=" " ind2="7" tag="650">
						<subfield code="a">ZWANZIGSTES JAHRHUNDERT N. CHR.</subfield>
						<subfield code="9">ger</subfield>
						<subfield code="0">(ETHUDK)000008907</subfield>
						<subfield code="2">ethudk</subfield>
					</datafield>
					<datafield ind1=" " ind2="7" tag="650">
						<subfield code="a">Außenpolitik</subfield>
						<subfield code="0">(DE-588)4003846-4</subfield>
						<subfield code="2">gnd</subfield>
					</datafield>
					<datafield ind1=" " ind2="7" tag="650">
						<subfield code="a">Geheimdienst</subfield>
						<subfield code="0">(DE-588)4019737-2</subfield>
						<subfield code="2">gnd</subfield>
					</datafield>
					<datafield ind1=" " ind2="7" tag="650">
						<subfield code="a">Geheimunternehmen</subfield>
						<subfield code="0">(DE-588)4456601-3</subfield>
						<subfield code="2">gnd</subfield>
					</datafield>
					<datafield ind1=" " ind2="7" tag="650">
						<subfield code="a">Ost-West-Konflikt</subfield>
						<subfield code="0">(DE-588)4075770-5</subfield>
						<subfield code="2">gnd</subfield>
					</datafield>
					<datafield ind1=" " ind2="7" tag="650">
						<subfield code="a">Regierungswechsel</subfield>
						<subfield code="0">(DE-588)4136252-4</subfield>
						<subfield code="2">gnd</subfield>
					</datafield>
					<datafield ind1=" " ind2="0" tag="650">
						<subfield code="a">Regime change</subfield>
						<subfield code="x">History</subfield>
						<subfield code="y">20th century</subfield>
					</datafield>
					<datafield ind1=" " ind2="0" tag="650">
						<subfield code="a">Regime change</subfield>
						<subfield code="v">Case studies</subfield>
					</datafield>
					<datafield ind1=" " ind2="0" tag="650">
						<subfield code="a">Cold War</subfield>
					</datafield>
					<datafield ind1=" " ind2="7" tag="650">
						<subfield code="a">Operation</subfield>
						<subfield code="g">Militär</subfield>
						<subfield code="0">(DE-588)4203217-9</subfield>
						<subfield code="2">gnd</subfield>
					</datafield>
					<datafield ind1=" " ind2="7" tag="650">
						<subfield code="a">Services de renseignements</subfield>
						<subfield code="0">(IDREF)027825612</subfield>
						<subfield code="2">idref</subfield>
					</datafield>
					<datafield ind1=" " ind2="7" tag="650">
						<subfield code="a">Changements de gouvernement par une intervention étrangère</subfield>
						<subfield code="0">(IDREF)145035395</subfield>
						<subfield code="2">idref</subfield>
					</datafield>
					<datafield ind1=" " ind2="7" tag="650">
						<subfield code="a">Coups d'État</subfield>
						<subfield code="0">(IDREF)027740633</subfield>
						<subfield code="2">idref</subfield>
					</datafield>
					<datafield ind1=" " ind2="7" tag="650">
						<subfield code="a">Guerre froide</subfield>
						<subfield code="0">(IDREF)031335837</subfield>
						<subfield code="2">idref</subfield>
					</datafield>
					<datafield ind1=" " ind2="7" tag="650">
						<subfield code="a">1945-1990</subfield>
						<subfield code="0">(IDREF)027794342</subfield>
						<subfield code="2">idref</subfield>
					</datafield>
					<datafield ind1=" " ind2="7" tag="651">
						<subfield code="a">United States</subfield>
						<subfield code="2">fast</subfield>
					</datafield>
					<datafield ind1=" " ind2="7" tag="651">
						<subfield code="a">USA</subfield>
						<subfield code="0">(DE-588)4078704-7</subfield>
						<subfield code="2">gnd</subfield>
					</datafield>
					<datafield ind1=" " ind2="0" tag="651">
						<subfield code="a">United States</subfield>
						<subfield code="x">Foreign relations</subfield>
						<subfield code="y">1945-1989</subfield>
					</datafield>
					<datafield ind1=" " ind2="7" tag="651">
						<subfield code="a">États-Unis</subfield>
						<subfield code="0">(IDREF)027225488</subfield>
						<subfield code="2">idref</subfield>
					</datafield>
					<datafield ind1=" " ind2="7" tag="655">
						<subfield code="a">Fallstudiensammlung</subfield>
						<subfield code="2">gnd-content</subfield>
					</datafield>
					<datafield ind1=" " ind2=" " tag="690">
						<subfield code="a">Regime; Staat; Wechsel; Regelung; Veränderung; Zustandsänderung; Republik; Versprechen; Change; Cornell; Vietnam; Abbildung; Demokrat; Diktator; Diktatur; Index; Konsequenz; Tabellenwerk; Verhalten</subfield>
						<subfield code="2">idssg-J</subfield>
					</datafield>
					<datafield ind1=" " ind2=" " tag="690">
						<subfield code="a">Regimewechsel; Regimeänderung</subfield>
						<subfield code="2">idssg-J</subfield>
					</datafield>
					<datafield ind1=" " ind2=" " tag="690">
						<subfield code="a">dominikanische Republik; eiserner Vorhang; falsches Versprechen; gestützte Regimeänderung; verdeckte Regelung; verdecktes Regime; verdeckter Regimewechsel</subfield>
						<subfield code="2">idssg-J</subfield>
					</datafield>
					<datafield ind1=" " ind2=" " tag="690">
						<subfield code="a">Amerika; Großbritannien C4EUUK; Vereinigte Staaten C1USA; Vietnam C9VIET; Griechenland C4EUGR</subfield>
						<subfield code="2">idssg-J</subfield>
					</datafield>
					<datafield ind1=" " ind2=" " tag="690">
						<subfield code="a">Lindsey Rourke Cornell University; verdeckt Regimewechsel Amerikas; verdeckt Regime Veränderung Amerikas</subfield>
						<subfield code="2">idssg-J</subfield>
					</datafield>
					<datafield ind1="0" ind2="8" tag="776">
						<subfield code="i">Online version</subfield>
						<subfield code="t">Covert regime change</subfield>
					</datafield>
					<datafield ind1="4" ind2=" " tag="856">
						<subfield code="3">Titelblatt und Inhaltsverzeichnis</subfield>
						<subfield code="u">https://toc.library.ethz.ch/objects/pdf03/e06_978-1-5017-3065-8_01.pdf</subfield>
						<subfield code="q">pdf</subfield>
					</datafield>
					<datafield ind1=" " ind2=" " tag="900">
						<subfield code="a">IDSZ2zbzmon201907l</subfield>
						<subfield code="c">IDSZ2wuet</subfield>
						<subfield code="d">IDSZ2zbzswk201909g</subfield>
						<subfield code="e">IDSZ2beck</subfield>
					</datafield>
					<datafield ind1=" " ind2=" " tag="900">
						<subfield code="a">REROnoselfmerge</subfield>
					</datafield>
					<datafield ind1=" " ind2=" " tag="910">
						<subfield code="a">LOC</subfield>
						<subfield code="b">20181214</subfield>
						<subfield code="c">Réutilisation sous conditions</subfield>
					</datafield>
					<datafield ind1=" " ind2=" " tag="949">
						<subfield code="a">https://toc.library.ethz.ch/objects/pdf03/e06_978-1-5017-3065-8_01.pdf</subfield>
					</datafield>
					<datafield ind1=" " ind2=" " tag="990">
						<subfield code="a">CH001DC6CECDA8318276EC12583A6003CD83F</subfield>
						<subfield code="b">iCapture</subfield>
						<subfield code="9">local</subfield>
					</datafield>
					<datafield ind1=" " ind2=" " tag="AVA">
						<subfield code="0">9910220850105506</subfield>
						<subfield code="8">2245400000005506</subfield>
						<subfield code="a">41SLSP_HSG</subfield>
						<subfield code="b">HSG</subfield>
						<subfield code="c">Basement</subfield>
						<subfield code="d">ML 5700 O74</subfield>
						<subfield code="e">unavailable</subfield>
						<subfield code="f">1</subfield>
						<subfield code="g">1</subfield>
						<subfield code="j">UG</subfield>
						<subfield code="k">4</subfield>
						<subfield code="p">1</subfield>
						<subfield code="q">HSG</subfield>
					</datafield>
				</record>
			</recordData>
			<recordIdentifier>9910220850105506</recordIdentifier>
			<recordPosition>17</recordPosition>
		</record>