
		<record>
			<recordSchema>marcxml</recordSchema>
			<recordPacking>xml</recordPacking>
			<recordData>
				<record xmlns="http://www.loc.gov/MARC21/slim">
					<leader>05307cam a22007214a 4500</leader>
					<controlfield tag="001">9911170693705506</controlfield>
					<controlfield tag="005">20230621140238.0</controlfield>
					<controlfield tag="006">m     o  d</controlfield>
					<controlfield tag="007">cr||||||||nn|n</controlfield>
					<controlfield tag="008">191230t20191997mdu     o      00 0 eng d</controlfield>
					<datafield ind1=" " ind2=" " tag="035">
						<subfield code="a">(CKB)4100000010461134</subfield>
					</datafield>
					<datafield ind1=" " ind2=" " tag="035">
						<subfield code="a">(OCoLC)1137746433</subfield>
					</datafield>
					<datafield ind1=" " ind2=" " tag="035">
						<subfield code="a">(MdBmJHUP)muse82410</subfield>
					</datafield>
					<datafield ind1=" " ind2=" " tag="035">
						<subfield code="a">(oapen)https://directory.doabooks.org/handle/20.500.12854/88999</subfield>
					</datafield>
					<datafield ind1=" " ind2=" " tag="035">
						<subfield code="a">(EXLCZ)994100000010461134</subfield>
					</datafield>
					<datafield ind1=" " ind2=" " tag="040">
						<subfield code="a">MdBmJHUP</subfield>
						<subfield code="c">MdBmJHUP</subfield>
					</datafield>
					<datafield ind1="0" ind2=" " tag="041">
						<subfield code="a">eng</subfield>
					</datafield>
					<datafield ind1=" " ind2="4" tag="050">
						<subfield code="a">PS2642.C5</subfield>
						<subfield code="b">R67 1997</subfield>
					</datafield>
					<datafield ind1="1" ind2=" " tag="100">
						<subfield code="a">Rosenheim, Shawn,</subfield>
						<subfield code="e">author</subfield>
					</datafield>
					<datafield ind1="1" ind2="4" tag="245">
						<subfield code="a">The Cryptographic Imagination</subfield>
						<subfield code="b">Secret Writing from Edgar Poe to the Internet /</subfield>
						<subfield code="c">Shawn James Rosenheim.</subfield>
					</datafield>
					<datafield ind1=" " ind2=" " tag="260">
						<subfield code="b">Johns Hopkins University Press</subfield>
					</datafield>
					<datafield ind1=" " ind2=" " tag="300">
						<subfield code="a">1 online resource (1 online resource (ix, 264 pages) :)</subfield>
						<subfield code="b">illustrations.</subfield>
					</datafield>
					<datafield ind1=" " ind2=" " tag="336">
						<subfield code="a">text</subfield>
						<subfield code="b">txt</subfield>
						<subfield code="2">rdacontent</subfield>
					</datafield>
					<datafield ind1=" " ind2=" " tag="337">
						<subfield code="a">computer</subfield>
						<subfield code="b">c</subfield>
						<subfield code="2">rdamedia</subfield>
					</datafield>
					<datafield ind1=" " ind2=" " tag="338">
						<subfield code="a">online resource</subfield>
						<subfield code="b">cr</subfield>
						<subfield code="2">rdacarrier</subfield>
					</datafield>
					<datafield ind1="0" ind2=" " tag="490">
						<subfield code="a">Parallax</subfield>
					</datafield>
					<datafield ind1=" " ind2=" " tag="500">
						<subfield code="a">The text of this book is licensed under a Creative Commons Attribution-NonCommercial-No Derivatives 4.0 International License</subfield>
					</datafield>
					<datafield ind1=" " ind2=" " tag="500">
						<subfield code="a">Open access edition supported by the National Endowment for the Humanities / Andrew W. Mellon Foundation Humanities Open Book Program.</subfield>
					</datafield>
					<datafield ind1=" " ind2=" " tag="500">
						<subfield code="a">Originally published as Johns Hopkins Press in 1997</subfield>
					</datafield>
					<datafield ind1=" " ind2=" " tag="504">
						<subfield code="a">Includes bibliographical references (pages 213-251) and index.</subfield>
					</datafield>
					<datafield ind1="0" ind2=" " tag="588">
						<subfield code="a">Description based on print version record.</subfield>
					</datafield>
					<datafield ind1=" " ind2=" " tag="520">
						<subfield code="a">Originally published in 1996. In The Cryptographic Imagination, Shawn Rosenheim uses the writings of Edgar Allan Poe to pose a set of questions pertaining to literary genre, cultural modernity, and technology. Rosenheim argues that Poe's cryptographic writing—his essays on cryptography and the short stories that grew out of them—requires that we rethink the relation of poststructural criticism to Poe's texts and, more generally, reconsider the relation of literature to communication. Cryptography serves not only as a template for the language, character, and themes of much of Poe's late fiction (including his creation, the detective story) but also as a "secret history" of literary modernity itself. "Both postwar fiction and literary criticism," the author writes, "are deeply indebted to the rise of cryptography in World War II." Still more surprising, in Rosenheim's view, Poe is not merely a source for such literary instances of cryptography as the codes in Conan Doyle's "The Dancing-Men" or in Jules Verne, but, through his effect on real cryptographers, Poe's writing influenced the outcome of World War II and the development of the Cold War. However unlikely such ideas sound, The Cryptographic Imagination offers compelling evidence that Poe's cryptographic writing clarifies one important avenue by which the twentieth century called itself into being. "The strength of Rosenheim's work extends to a revisionistic understanding of the entirety of literary history (as a repression of cryptography) and then, in a breathtaking shift of register, interlinks Poe's exercises in cryptography with the hyperreality of the CIA, the Cold War, and the Internet. What enables this extensive range of applications is the stipulated tension Rosenheim discerns in the relationship between the forms of the literary imagination and the condition of its mode of production. Cryptography, in this account, names the technology of literary production—the diacritical relationship between decoding and encoding—that the literary imagination dissimulates as hieroglyphics—the hermeneutic relationship between a sign and its content."—Donald E. Pease, Dartmouth College</subfield>
					</datafield>
					<datafield ind1=" " ind2=" " tag="546">
						<subfield code="a">English</subfield>
					</datafield>
					<datafield ind1=" " ind2="0" tag="650">
						<subfield code="a">Modernism (Literature)</subfield>
						<subfield code="2">fast</subfield>
						<subfield code="0">(OCoLC)fst01024455</subfield>
					</datafield>
					<datafield ind1=" " ind2="0" tag="650">
						<subfield code="a">Internet.</subfield>
						<subfield code="2">fast</subfield>
						<subfield code="0">(OCoLC)fst00977184</subfield>
					</datafield>
					<datafield ind1=" " ind2="0" tag="650">
						<subfield code="a">Influence (Literary, artistic, etc.)</subfield>
						<subfield code="2">fast</subfield>
						<subfield code="0">(OCoLC)fst00972484</subfield>
					</datafield>
					<datafield ind1=" " ind2="0" tag="650">
						<subfield code="a">Detective and mystery stories, American.</subfield>
						<subfield code="2">fast</subfield>
						<subfield code="0">(OCoLC)fst00891483</subfield>
					</datafield>
					<datafield ind1=" " ind2="0" tag="650">
						<subfield code="a">Cryptography in literature.</subfield>
						<subfield code="2">fast</subfield>
						<subfield code="0">(OCoLC)fst00884564</subfield>
					</datafield>
					<datafield ind1=" " ind2="0" tag="650">
						<subfield code="a">Cryptography.</subfield>
						<subfield code="2">fast</subfield>
						<subfield code="0">(OCoLC)fst00884552</subfield>
					</datafield>
					<datafield ind1=" " ind2="0" tag="650">
						<subfield code="a">Ciphers in literature.</subfield>
						<subfield code="2">fast</subfield>
						<subfield code="0">(OCoLC)fst00861553</subfield>
					</datafield>
					<datafield ind1=" " ind2="0" tag="650">
						<subfield code="a">American literature.</subfield>
						<subfield code="2">fast</subfield>
						<subfield code="0">(OCoLC)fst00807113</subfield>
					</datafield>
					<datafield ind1=" " ind2="0" tag="650">
						<subfield code="a">Cold War.</subfield>
					</datafield>
					<datafield ind1=" " ind2="0" tag="650">
						<subfield code="a">Ciphers in literature.</subfield>
					</datafield>
					<datafield ind1=" " ind2="0" tag="650">
						<subfield code="a">Internet.</subfield>
					</datafield>
					<datafield ind1=" " ind2="0" tag="650">
						<subfield code="a">Cryptography in literature.</subfield>
					</datafield>
					<datafield ind1=" " ind2="0" tag="650">
						<subfield code="a">World War, 1939-1945</subfield>
						<subfield code="x">Cryptography.</subfield>
					</datafield>
					<datafield ind1=" " ind2="0" tag="650">
						<subfield code="a">Influence (Literary, artistic, etc.)</subfield>
					</datafield>
					<datafield ind1=" " ind2="0" tag="650">
						<subfield code="a">Modernism (Literature)</subfield>
						<subfield code="z">United States.</subfield>
					</datafield>
					<datafield ind1=" " ind2="0" tag="650">
						<subfield code="a">American literature</subfield>
						<subfield code="x">History and criticism.</subfield>
					</datafield>
					<datafield ind1=" " ind2="0" tag="650">
						<subfield code="a">Detective and mystery stories, American</subfield>
						<subfield code="x">History and criticism.</subfield>
					</datafield>
					<datafield ind1=" " ind2="0" tag="651">
						<subfield code="a">United States.</subfield>
						<subfield code="2">fast</subfield>
						<subfield code="0">(OCoLC)fst01204155</subfield>
					</datafield>
					<datafield ind1="1" ind2="1" tag="600">
						<subfield code="a">Poe, Edgar Allan,</subfield>
						<subfield code="d">1809-1849.</subfield>
						<subfield code="2">fast</subfield>
						<subfield code="0">(OCoLC)fst00032674</subfield>
					</datafield>
					<datafield ind1="1" ind2="1" tag="600">
						<subfield code="a">Poe, Edgar Allan,</subfield>
						<subfield code="d">1809-1849</subfield>
						<subfield code="x">Influence.</subfield>
					</datafield>
					<datafield ind1="1" ind2="1" tag="600">
						<subfield code="a">Poe, Edgar Allan,</subfield>
						<subfield code="d">1809-1849</subfield>
						<subfield code="x">Cryptography.</subfield>
					</datafield>
					<datafield ind1="2" ind2="7" tag="611">
						<subfield code="a">Cold War (1945-1989)</subfield>
						<subfield code="2">fast</subfield>
						<subfield code="0">(OCoLC)fst01754978</subfield>
					</datafield>
					<datafield ind1="2" ind2="7" tag="611">
						<subfield code="a">World War (1939-1945)</subfield>
						<subfield code="2">fast</subfield>
						<subfield code="0">(OCoLC)fst01180924</subfield>
					</datafield>
					<datafield ind1=" " ind2="4" tag="655">
						<subfield code="a">Criticism, interpretation, etc.</subfield>
						<subfield code="0">(OCoLC)fst01411635</subfield>
					</datafield>
					<datafield ind1=" " ind2="4" tag="655">
						<subfield code="a">Electronic books.</subfield>
					</datafield>
					<datafield ind1=" " ind2="7" tag="648">
						<subfield code="a">1939-1945</subfield>
						<subfield code="2">fast</subfield>
					</datafield>
					<datafield ind1=" " ind2=" " tag="653">
						<subfield code="a">Literary theory</subfield>
					</datafield>
					<datafield ind1=" " ind2=" " tag="776">
						<subfield code="z">1-4214-3716-3</subfield>
					</datafield>
					<datafield ind1=" " ind2=" " tag="776">
						<subfield code="z">1-4214-3717-1</subfield>
					</datafield>
					<datafield ind1=" " ind2="0" tag="830">
						<subfield code="a">Parallax (Baltimore, Md.)</subfield>
					</datafield>
					<datafield ind1=" " ind2=" " tag="906">
						<subfield code="a">BOOK</subfield>
					</datafield>
					<datafield ind1=" " ind2=" " tag="AVE">
						<subfield code="8">5372704100005506</subfield>
						<subfield code="c">6150260770005506</subfield>
						<subfield code="e">Available</subfield>
						<subfield code="m">Project MUSE Open Access Books</subfield>
						<subfield code="t">Project Muse</subfield>
						<subfield code="a">41SLSP_HSG</subfield>
						<subfield code="0">9911170693705506</subfield>
					</datafield>
				</record>
			</recordData>
			<recordIdentifier>9911170693705506</recordIdentifier>
			<recordPosition>18</recordPosition>
		</record>