
		<record>
			<recordSchema>marcxml</recordSchema>
			<recordPacking>xml</recordPacking>
			<recordData>
				<record xmlns="http://www.loc.gov/MARC21/slim">
					<leader>05657nam a2200817 c 4500</leader>
					<controlfield tag="001">9910337590105506</controlfield>
					<controlfield tag="005">20230415212439.0</controlfield>
					<controlfield tag="008">201012s2019    enkb     b    000 0 eng c</controlfield>
					<datafield ind1=" " ind2=" " tag="015">
						<subfield code="a">GBB8E7338</subfield>
						<subfield code="2">bnb</subfield>
					</datafield>
					<datafield ind1="7" ind2=" " tag="016">
						<subfield code="a">019009381</subfield>
						<subfield code="2">Uk</subfield>
					</datafield>
					<datafield ind1=" " ind2=" " tag="020">
						<subfield code="z">9781786734518</subfield>
						<subfield code="q">ePDF</subfield>
					</datafield>
					<datafield ind1=" " ind2=" " tag="020">
						<subfield code="z">9781786724519</subfield>
						<subfield code="q">eISBN</subfield>
					</datafield>
					<datafield ind1=" " ind2=" " tag="020">
						<subfield code="a">9781784538613</subfield>
						<subfield code="q">hbk.</subfield>
						<subfield code="c">USD 25.00</subfield>
					</datafield>
					<datafield ind1=" " ind2=" " tag="020">
						<subfield code="a">1784538612</subfield>
					</datafield>
					<datafield ind1=" " ind2=" " tag="035">
						<subfield code="a">(swissbib)240409000-41slsp_network</subfield>
					</datafield>
					<datafield ind1=" " ind2=" " tag="035">
						<subfield code="a">240409000</subfield>
						<subfield code="9">ExL</subfield>
					</datafield>
					<datafield ind1=" " ind2=" " tag="035">
						<subfield code="a">(IDSSG)001033759HSB01</subfield>
					</datafield>
					<datafield ind1=" " ind2=" " tag="035">
						<subfield code="a">(NEBIS)011259687EBI01</subfield>
					</datafield>
					<datafield ind1=" " ind2=" " tag="035">
						<subfield code="a">(IDSLU)001349092ILU01</subfield>
					</datafield>
					<datafield ind1=" " ind2=" " tag="035">
						<subfield code="a">(RERO)R008904549-41slsp</subfield>
					</datafield>
					<datafield ind1=" " ind2=" " tag="035">
						<subfield code="a">(OCoLC)1064720714</subfield>
					</datafield>
					<datafield ind1=" " ind2=" " tag="035">
						<subfield code="a">(EXLNZ-41SLSP_NETWORK)991129108169705501</subfield>
					</datafield>
					<datafield ind1=" " ind2=" " tag="040">
						<subfield code="a">UKMGB</subfield>
						<subfield code="b">eng</subfield>
						<subfield code="e">rda</subfield>
						<subfield code="d">CH-ZuSLS</subfield>
					</datafield>
					<datafield ind1="0" ind2=" " tag="041">
						<subfield code="a">eng</subfield>
					</datafield>
					<datafield ind1=" " ind2=" " tag="042">
						<subfield code="a">pcc</subfield>
					</datafield>
					<datafield ind1=" " ind2=" " tag="043">
						<subfield code="a">a-kz---</subfield>
					</datafield>
					<datafield ind1=" " ind2="4" tag="050">
						<subfield code="a">DK908.867</subfield>
						<subfield code="b">.L55 2018</subfield>
					</datafield>
					<datafield ind1=" " ind2="7" tag="072">
						<subfield code="a">250</subfield>
						<subfield code="2">IDS LU</subfield>
					</datafield>
					<datafield ind1=" " ind2="7" tag="072">
						<subfield code="a">160</subfield>
						<subfield code="2">IDS LU</subfield>
					</datafield>
					<datafield ind1=" " ind2="7" tag="072">
						<subfield code="a">ht</subfield>
						<subfield code="2">rero</subfield>
					</datafield>
					<datafield ind1="0" ind2="4" tag="082">
						<subfield code="a">958.450864</subfield>
						<subfield code="2">23</subfield>
					</datafield>
					<datafield ind1="1" ind2="4" tag="082">
						<subfield code="a">320</subfield>
						<subfield code="2">15</subfield>
					</datafield>
					<datafield ind1=" " ind2=" " tag="084">
						<subfield code="a">MG 84000</subfield>
						<subfield code="2">rvk</subfield>
					</datafield>
					<datafield ind1=" " ind2=" " tag="084">
						<subfield code="a">LB 49329</subfield>
						<subfield code="2">rvk</subfield>
					</datafield>
					<datafield ind1=" " ind2=" " tag="084">
						<subfield code="a">CE/KZ 32 g</subfield>
						<subfield code="2">cjurrom</subfield>
					</datafield>
					<datafield ind1="1" ind2=" " tag="100">
						<subfield code="a">Lillis, Joanna</subfield>
						<subfield code="0">(DE-588)1176231197</subfield>
						<subfield code="4">aut</subfield>
					</datafield>
					<datafield ind1="1" ind2="0" tag="245">
						<subfield code="a">Dark shadows</subfield>
						<subfield code="b">inside the secret world of Kazakhstan</subfield>
						<subfield code="c">Joanna Lillis</subfield>
					</datafield>
					<datafield ind1=" " ind2="1" tag="264">
						<subfield code="a">London</subfield>
						<subfield code="b">I.B. Tauris</subfield>
						<subfield code="c">2019</subfield>
					</datafield>
					<datafield ind1=" " ind2=" " tag="300">
						<subfield code="a">xvi, 303 pages</subfield>
						<subfield code="b">map</subfield>
						<subfield code="c">23 cm</subfield>
					</datafield>
					<datafield ind1=" " ind2=" " tag="336">
						<subfield code="b">txt</subfield>
						<subfield code="2">rdacontent</subfield>
					</datafield>
					<datafield ind1=" " ind2=" " tag="337">
						<subfield code="b">n</subfield>
						<subfield code="2">rdamedia</subfield>
					</datafield>
					<datafield ind1=" " ind2=" " tag="338">
						<subfield code="b">nc</subfield>
						<subfield code="2">rdacarrier</subfield>
					</datafield>
					<datafield ind1=" " ind2=" " tag="504">
						<subfield code="a">Includes bibliographical references (pages 289-290) and index</subfield>
					</datafield>
					<datafield ind1=" " ind2=" " tag="520">
						<subfield code="a">"Dark Shadows" is a compelling portrait of Kazakhstan, a country that is little known in the West. Strategically located in the heart of Central Asia, sandwiched between Vladimir Putin's Russia, its former colonial ruler, and Xi Jinping's China, this vast oil-rich state is carving out its place in the world as it contends with its own complex past and present. Journalist Joanna Lillis paints a vibrant picture of this emerging nation through vivid reportage based on 13 years of on-the-ground coverage, and travels across the length and breadth of this enigmatic country that lies along the ancient Silk Road and at the geopolitical and cultural crossroads where East meets West. Featuring tales of murder and abduction, intrigue and betrayal, extortion and corruption, this book explores how a president, Nursultan Nazarbayev, transformed himself into a potentate and the economically-struggling state he inherited at the fall of the USSR into a swaggering 21st-century monocracy. A colourful cast of characters brings the politics to life: from strutting oligarch to sleeping villagers, from principled politicians to striking oilmen, from crusading journalists to courageous campaigners. Traversing dust-blown deserts and majestic mountains, taking in glitzy cities and dystopian landscapes, Dark Shadows conjures up Kazakhstan as a living, breathing place, full of extraordinary people living extraordinary lives.--Book flap</subfield>
					</datafield>
					<datafield ind1="8" ind2=" " tag="520">
						<subfield code="a">Strategically located in the heart of Central Asia, sandwiched between Vladimir Putin's Russia its former colonial ruler which sees Kazakhstan as its own backyard and Xi Jinping's China, the rising global superpower on its eastern borders, this vast oil-rich state is carving out its place in the world as it contends with its own complex past and present. Featuring tales of murder and abduction, intrigue and betrayal, extortion and corruption, this book explores how a vainglorious president, Nursultan Nazarbayev, transformed himself into a potentate and the economically struggling state he inherited at the fall of the USSR into a swaggering oil-rich twenty-first-century monocracy. Dark Shadows explores how Kazakhstan grapples with its Russian imperial and Soviet past, with survivor testimony recounting a dramatic history of revolution and war, famine and flight, terror and trauma that left the Kazakhs battling for their very survival as a people</subfield>
					</datafield>
					<datafield ind1="1" ind2="7" tag="600">
						<subfield code="a">Nazarbaev, Nur-Sultan A.</subfield>
						<subfield code="d">1940-</subfield>
						<subfield code="0">(DE-588)119147734</subfield>
						<subfield code="2">gnd</subfield>
					</datafield>
					<datafield ind1=" " ind2="7" tag="648">
						<subfield code="a">Geschichte</subfield>
						<subfield code="2">gnd</subfield>
					</datafield>
					<datafield ind1=" " ind2="7" tag="648">
						<subfield code="a">Geschichte 2000-2018</subfield>
						<subfield code="2">gnd</subfield>
					</datafield>
					<datafield ind1=" " ind2="7" tag="650">
						<subfield code="a">Monokratie</subfield>
						<subfield code="0">(DE-588)4325432-9</subfield>
						<subfield code="2">gnd</subfield>
					</datafield>
					<datafield ind1=" " ind2="7" tag="650">
						<subfield code="a">Nationalbewusstsein</subfield>
						<subfield code="0">(DE-588)4041282-9</subfield>
						<subfield code="2">gnd</subfield>
					</datafield>
					<datafield ind1=" " ind2="7" tag="650">
						<subfield code="a">Politik</subfield>
						<subfield code="0">(DE-588)4046514-7</subfield>
						<subfield code="2">gnd</subfield>
					</datafield>
					<datafield ind1=" " ind2="7" tag="650">
						<subfield code="a">Journalismus</subfield>
						<subfield code="0">(DE-588)4028779-8</subfield>
						<subfield code="2">gnd</subfield>
					</datafield>
					<datafield ind1=" " ind2="7" tag="650">
						<subfield code="a">Politische Elite</subfield>
						<subfield code="0">(DE-588)4076219-1</subfield>
						<subfield code="2">gnd</subfield>
					</datafield>
					<datafield ind1=" " ind2="7" tag="650">
						<subfield code="a">Postkommunismus</subfield>
						<subfield code="0">(DE-588)4998161-4</subfield>
						<subfield code="2">gnd</subfield>
					</datafield>
					<datafield ind1=" " ind2="7" tag="650">
						<subfield code="a">Lebenswelt</subfield>
						<subfield code="0">(DE-588)4034929-9</subfield>
						<subfield code="2">gnd</subfield>
					</datafield>
					<datafield ind1=" " ind2="7" tag="650">
						<subfield code="a">Autokratie</subfield>
						<subfield code="0">(DE-588)4206090-4</subfield>
						<subfield code="2">gnd</subfield>
					</datafield>
					<datafield ind1=" " ind2="7" tag="650">
						<subfield code="a">Politisches System</subfield>
						<subfield code="0">(DE-588)4046584-6</subfield>
						<subfield code="2">gnd</subfield>
					</datafield>
					<datafield ind1=" " ind2="7" tag="650">
						<subfield code="a">Erdölwirtschaft</subfield>
						<subfield code="0">(DE-588)4152707-0</subfield>
						<subfield code="2">gnd</subfield>
					</datafield>
					<datafield ind1=" " ind2="7" tag="651">
						<subfield code="a">Kasachstan</subfield>
						<subfield code="0">(DE-588)4029839-5</subfield>
						<subfield code="2">gnd</subfield>
					</datafield>
					<datafield ind1=" " ind2="0" tag="651">
						<subfield code="a">Kazakhstan</subfield>
						<subfield code="x">History</subfield>
						<subfield code="y">21st century</subfield>
					</datafield>
					<datafield ind1=" " ind2="0" tag="651">
						<subfield code="a">Kazakhstan</subfield>
						<subfield code="x">Politics and government</subfield>
						<subfield code="y">1991-</subfield>
					</datafield>
					<datafield ind1=" " ind2="0" tag="651">
						<subfield code="a">Kazakhstan</subfield>
						<subfield code="x">Social conditions</subfield>
						<subfield code="y">1991-</subfield>
					</datafield>
					<datafield ind1=" " ind2="7" tag="655">
						<subfield code="a">Erlebnisbericht</subfield>
						<subfield code="2">gnd-content</subfield>
					</datafield>
					<datafield ind1=" " ind2=" " tag="690">
						<subfield code="a">Kasachstan; Schatten; Welt; Königreich; Funke; Krise; Steppe; Archipel; Karte; Krieg; Leiste; Spiel; Exil; Fluch; Index; Farm</subfield>
						<subfield code="2">idssg-J</subfield>
					</datafield>
					<datafield ind1=" " ind2=" " tag="690">
						<subfield code="a">Identitätskrise; Gulagarchipel; Kulturkrieg; Wohlfühlfaktor; Zeitleiste; Familienangelegenheit; Fehlerlinie</subfield>
						<subfield code="2">idssg-J</subfield>
					</datafield>
					<datafield ind1=" " ind2=" " tag="690">
						<subfield code="a">dunkeler Schatten; geheime Welt; historische Zeitleiste; kollektive Farm; schlummernde Steppe; schrumpfendes Meer</subfield>
						<subfield code="2">idssg-J</subfield>
					</datafield>
					<datafield ind1=" " ind2=" " tag="690">
						<subfield code="a">Kasachstan C9KAZA; Russland C4EXRU; Welt C00WOR</subfield>
						<subfield code="2">idssg-J</subfield>
					</datafield>
					<datafield ind1=" " ind2=" " tag="690">
						<subfield code="a">JOANNA LILLIS TAURIS LOHPOHNIWYOHK</subfield>
						<subfield code="2">idssg-J</subfield>
					</datafield>
					<datafield ind1="4" ind2=" " tag="856">
						<subfield code="3">Titelblatt und Inhaltsverzeichnis</subfield>
						<subfield code="u">https://toc.library.ethz.ch/objects/pdf03/z01_978-1-78453-861-3_01.pdf</subfield>
						<subfield code="q">pdf</subfield>
					</datafield>
					<datafield ind1=" " ind2=" " tag="900">
						<subfield code="a">IDSZ2zbzmon201901f</subfield>
						<subfield code="c">IDSZ2wieg</subfield>
						<subfield code="d">IDSZ2zbzswk201902b</subfield>
						<subfield code="e">IDSZ2beck</subfield>
					</datafield>
					<datafield ind1=" " ind2=" " tag="900">
						<subfield code="a">IDSZ2mugmon201907l</subfield>
						<subfield code="c">IDSZ2lind</subfield>
					</datafield>
					<datafield ind1=" " ind2=" " tag="949">
						<subfield code="a">https://toc.library.ethz.ch/objects/pdf03/z01_978-1-78453-861-3_01.pdf</subfield>
					</datafield>
					<datafield ind1=" " ind2=" " tag="990">
						<subfield code="a">CH001710E7B83F3BF30E2C12583DA002408F9</subfield>
						<subfield code="b">iCapture</subfield>
						<subfield code="9">local</subfield>
					</datafield>
					<datafield ind1=" " ind2=" " tag="AVA">
						<subfield code="0">9910337590105506</subfield>
						<subfield code="8">2247145620005506</subfield>
						<subfield code="a">41SLSP_HSG</subfield>
						<subfield code="b">HSG</subfield>
						<subfield code="c">Basement</subfield>
						<subfield code="d">MG 84000 L729</subfield>
						<subfield code="e">available</subfield>
						<subfield code="f">1</subfield>
						<subfield code="g">0</subfield>
						<subfield code="j">UG</subfield>
						<subfield code="k">4</subfield>
						<subfield code="p">1</subfield>
						<subfield code="q">HSG</subfield>
					</datafield>
				</record>
			</recordData>
			<recordIdentifier>9910337590105506</recordIdentifier>
			<recordPosition>19</recordPosition>
		</record>