
		<record>
			<recordSchema>marcxml</recordSchema>
			<recordPacking>xml</recordPacking>
			<recordData>
				<record xmlns="http://www.loc.gov/MARC21/slim">
					<leader>01664nam a2200373 i 4500</leader>
					<controlfield tag="001">9911238693205506</controlfield>
					<controlfield tag="005">20220610142926.0</controlfield>
					<controlfield tag="006">m     o  d |</controlfield>
					<controlfield tag="007">cr cnu||||||||</controlfield>
					<controlfield tag="008">220610s2022    nyua    ob    001 0 eng d</controlfield>
					<datafield ind1=" " ind2=" " tag="020">
						<subfield code="a">0-19-755705-8</subfield>
					</datafield>
					<datafield ind1=" " ind2=" " tag="020">
						<subfield code="a">0-19-755704-X</subfield>
					</datafield>
					<datafield ind1=" " ind2=" " tag="035">
						<subfield code="a">(CKB)4100000012023537</subfield>
					</datafield>
					<datafield ind1=" " ind2=" " tag="035">
						<subfield code="a">(MiAaPQ)EBC6719293</subfield>
					</datafield>
					<datafield ind1=" " ind2=" " tag="035">
						<subfield code="a">(Au-PeEL)EBL6719293</subfield>
					</datafield>
					<datafield ind1=" " ind2=" " tag="035">
						<subfield code="a">(OCoLC)1257403653</subfield>
					</datafield>
					<datafield ind1=" " ind2=" " tag="035">
						<subfield code="a">(StDuBDS)EDZ0002651100</subfield>
					</datafield>
					<datafield ind1=" " ind2=" " tag="035">
						<subfield code="a">(PPN)263125637</subfield>
					</datafield>
					<datafield ind1=" " ind2=" " tag="035">
						<subfield code="a">(EXLCZ)994100000012023537</subfield>
					</datafield>
					<datafield ind1=" " ind2=" " tag="040">
						<subfield code="a">MiAaPQ</subfield>
						<subfield code="b">eng</subfield>
						<subfield code="e">rda</subfield>
						<subfield code="e">pn</subfield>
						<subfield code="c">MiAaPQ</subfield>
						<subfield code="d">MiAaPQ</subfield>
					</datafield>
					<datafield ind1=" " ind2=" " tag="043">
						<subfield code="a">n-us---</subfield>
					</datafield>
					<datafield ind1=" " ind2="4" tag="050">
						<subfield code="a">JA76</subfield>
						<subfield code="b">.D896 2022</subfield>
					</datafield>
					<datafield ind1="0" ind2=" " tag="082">
						<subfield code="a">306.20973</subfield>
						<subfield code="2">23</subfield>
					</datafield>
					<datafield ind1="1" ind2=" " tag="100">
						<subfield code="a">Duyn, Emily Van,</subfield>
						<subfield code="e">author.</subfield>
					</datafield>
					<datafield ind1="1" ind2="0" tag="245">
						<subfield code="a">Democracy lives in darkness :</subfield>
						<subfield code="b">how and why people keep their politics a secret /</subfield>
						<subfield code="c">Emily Van Duyn.</subfield>
					</datafield>
					<datafield ind1=" " ind2="1" tag="264">
						<subfield code="a">New York, New York :</subfield>
						<subfield code="b">Oxford University Press,</subfield>
						<subfield code="c">[2022]</subfield>
					</datafield>
					<datafield ind1=" " ind2="4" tag="264">
						<subfield code="c">©2022</subfield>
					</datafield>
					<datafield ind1=" " ind2=" " tag="300">
						<subfield code="a">1 online resource (289 pages)</subfield>
					</datafield>
					<datafield ind1=" " ind2=" " tag="336">
						<subfield code="a">text</subfield>
						<subfield code="b">txt</subfield>
						<subfield code="2">rdacontent</subfield>
					</datafield>
					<datafield ind1=" " ind2=" " tag="337">
						<subfield code="a">computer</subfield>
						<subfield code="b">c</subfield>
						<subfield code="2">rdamedia</subfield>
					</datafield>
					<datafield ind1=" " ind2=" " tag="338">
						<subfield code="a">online resource</subfield>
						<subfield code="b">cr</subfield>
						<subfield code="2">rdacarrier</subfield>
					</datafield>
					<datafield ind1="1" ind2=" " tag="490">
						<subfield code="a">Journalism and political communication unbound</subfield>
					</datafield>
					<datafield ind1="0" ind2=" " tag="505">
						<subfield code="a">Cover -- Half title -- Series -- Democracy Lives in Darkness -- Copyright -- Dedication -- Contents -- 1. Democracy in Darkness 1 -- The Buried Seeds 3 -- Political Context 5 -- Social Context 9 -- Geographic Context 10 -- Networked Silence 13 -- A New Schema 16 -- Plan of the Book 19 -- 2. Studying Political Secrecy 21 -- Studying Networked Silence in CWG 22 -- CWG and Community Composition 28 -- Studying Networked Silence in Texas and the United States 34 -- Analyzing the Data 35 -- Conclusion 37 -- 3. Forming a Secret Group 39 -- Group Development 40 -- Group Structure 47 -- Personal Development 62 -- Digital and Traditional Media 66 -- Conclusion 73 -- 4. Fearing the Other Side 75 -- Social Fear 77 -- Economic Fear 89 -- Physical Fear 97 -- Conclusion 104 -- 5. Negotiating Identity and Secrecy 107 -- Nonpartisanship vs. Democratic Affiliation 108 -- All Women vs. Mixed Gender 114 -- Talking to the Other Side vs. Talking to Each Other 125 -- Remaining Secret vs. Going Public 131 -- Conclusion 140 -- 6. Political Incubation and Infrastructure 143 -- Coming Out of the Political Closet 144 -- Covertly Fueling the Local Party 158 -- Revitalizing Party Leadership and Infrastructure 166 -- Conclusion 177 -- 7. 2020 179 -- COVID- 19 180 -- Racial Reckoning 186 -- The Road to 2020 189 -- Election Results 194 -- The Future of CWG 196 -- 8. Democracy through Darkness 199 -- How People Keep Their Politics a Secret 201 -- Why People Keep Their Politics a Secret 204 -- How to Look at Networked Silence 206 -- Why This Matters 208 -- Seeds, Not Sediment 213 -- Appendix A: Interviewee Pseudonyms And  Interview Dates -- Appendix B: Cwg Meetings -- Appendix C: Survey Details -- Hiding Political Beliefs 219 -- Offline/ Online Secret Expression 219 -- Fear of Isolation 222 -- Demographics 221 -- Appendix D: Semi-​Structured Interview Guide 2017 -- Acknowledgments.</subfield>
					</datafield>
					<datafield ind1="8" ind2=" " tag="505">
						<subfield code="a">Self- Description, Identity, and 2016 Election 225 -- Opposition in the Community and in Relationships 225 -- Organization- Specific Questions 225 -- Appendix E: Semi-​Structured Interview Guide 2018 -- Self- Description, Identity, and 2018 Mid- Term Election 227 -- Organization- Specific Questions 227 -- Appendix F: Semi-​Structured Interview Guide 2020 -- Self- Description, Identity, and Community 229 -- Organization- Specific Questions 229 -- Reckoning with Racial Injustice 229 -- 2020 Election 229 -- COVID- 19 230Notes -- Notes -- References -- Index.</subfield>
					</datafield>
					<datafield ind1="8" ind2=" " tag="520">
						<subfield code="a">'Democracy Lives in Darkness' is about why people choose to hide their political beliefs from others and how they do so. Emily Van Duyn follows a secret political organization in rural Texas whose all-female membership meets in secret out of fear of their conservative spouses, friends, family, and neighbors. Drawing on in-depth interviews and observations of this group throughout the Trump administration, as well as U.S. representative survey data on secret political expression, this book explores what it means to be politically outnumbered and how intensifying political polarization has changed that experience over the past several years.</subfield>
					</datafield>
					<datafield ind1=" " ind2=" " tag="521">
						<subfield code="a">Specialized.</subfield>
					</datafield>
					<datafield ind1=" " ind2=" " tag="500">
						<subfield code="a">Also issued in print: 2021.</subfield>
					</datafield>
					<datafield ind1=" " ind2=" " tag="504">
						<subfield code="a">Includes bibliographical references and index.</subfield>
					</datafield>
					<datafield ind1=" " ind2=" " tag="588">
						<subfield code="a">Description based on print version record.</subfield>
					</datafield>
					<datafield ind1=" " ind2="0" tag="650">
						<subfield code="a">Political sociology</subfield>
						<subfield code="z">United States.</subfield>
					</datafield>
					<datafield ind1=" " ind2=" " tag="776">
						<subfield code="z">0-19-755701-5</subfield>
					</datafield>
					<datafield ind1=" " ind2="0" tag="830">
						<subfield code="a">Journalism and political communication unbound.</subfield>
					</datafield>
					<datafield ind1=" " ind2=" " tag="906">
						<subfield code="a">BOOK</subfield>
					</datafield>
					<datafield ind1=" " ind2=" " tag="AVE">
						<subfield code="8">5378017200005506</subfield>
						<subfield code="c">6150261320005506</subfield>
						<subfield code="e">Available</subfield>
						<subfield code="m">Oxford Scholarship - Oxford University Press: Political Science</subfield>
						<subfield code="t">Oxford Scholarship Online</subfield>
						<subfield code="a">41SLSP_HSG</subfield>
						<subfield code="0">9911238693205506</subfield>
					</datafield>
				</record>
			</recordData>
			<recordIdentifier>9911238693205506</recordIdentifier>
			<recordPosition>20</recordPosition>
		</record>