
		<record>
			<recordSchema>marcxml</recordSchema>
			<recordPacking>xml</recordPacking>
			<recordData>
				<record xmlns="http://www.loc.gov/MARC21/slim">
					<leader>04606nam a2200925 c 4500</leader>
					<controlfield tag="001">9910002580105506</controlfield>
					<controlfield tag="005">20230327184015.0</controlfield>
					<controlfield tag="008">201012t20182018nyuabf   b||| 001 0 eng|d</controlfield>
					<datafield ind1=" " ind2=" " tag="010">
						<subfield code="a">2017051527</subfield>
					</datafield>
					<datafield ind1=" " ind2=" " tag="020">
						<subfield code="a">9781594204586</subfield>
						<subfield code="q">hardcover</subfield>
					</datafield>
					<datafield ind1=" " ind2=" " tag="035">
						<subfield code="a">(swissbib)241426391-41slsp_network</subfield>
					</datafield>
					<datafield ind1=" " ind2=" " tag="035">
						<subfield code="a">241426391</subfield>
						<subfield code="9">ExL</subfield>
					</datafield>
					<datafield ind1=" " ind2=" " tag="035">
						<subfield code="a">(NEBIS)011174278EBI01</subfield>
					</datafield>
					<datafield ind1=" " ind2=" " tag="035">
						<subfield code="a">(IDSSG)001000258HSB01</subfield>
					</datafield>
					<datafield ind1=" " ind2=" " tag="035">
						<subfield code="a">(OCoLC)1020679112</subfield>
					</datafield>
					<datafield ind1=" " ind2=" " tag="035">
						<subfield code="a">(EXLNZ-41SLSP_NETWORK)991004439289705501</subfield>
					</datafield>
					<datafield ind1=" " ind2=" " tag="040">
						<subfield code="a">PNX</subfield>
						<subfield code="b">ger</subfield>
						<subfield code="e">rda</subfield>
						<subfield code="d">CH-ZuSLS BCUFR</subfield>
					</datafield>
					<datafield ind1="0" ind2="4" tag="082">
						<subfield code="a">958.104/7373</subfield>
						<subfield code="2">23</subfield>
					</datafield>
					<datafield ind1="1" ind2="4" tag="082">
						<subfield code="a">355</subfield>
						<subfield code="2">15</subfield>
					</datafield>
					<datafield ind1="7" ind2="4" tag="082">
						<subfield code="a">355</subfield>
						<subfield code="2">23sdnb</subfield>
					</datafield>
					<datafield ind1=" " ind2=" " tag="084">
						<subfield code="a">MG 70950</subfield>
						<subfield code="2">rvk</subfield>
					</datafield>
					<datafield ind1="1" ind2=" " tag="100">
						<subfield code="6">880-01</subfield>
						<subfield code="a">Coll, Steve</subfield>
						<subfield code="d">1958-</subfield>
						<subfield code="0">(DE-588)134163729</subfield>
						<subfield code="e">Verfasser</subfield>
						<subfield code="4">aut</subfield>
					</datafield>
					<datafield ind1="1" ind2=" " tag="880">
						<subfield code="6">100-01/(B</subfield>
						<subfield code="a">Coll, Steve</subfield>
						<subfield code="d">1958-....</subfield>
						<subfield code="0">(IDREF)083511679</subfield>
						<subfield code="4">aut</subfield>
					</datafield>
					<datafield ind1="1" ind2="0" tag="245">
						<subfield code="a">Directorate S</subfield>
						<subfield code="b">the C.I.A. and America's secret wars in Afghanistan and Pakistan</subfield>
						<subfield code="c">Steve Coll</subfield>
					</datafield>
					<datafield ind1=" " ind2="1" tag="264">
						<subfield code="a">New York</subfield>
						<subfield code="b">Penguin Press</subfield>
						<subfield code="c">2018</subfield>
					</datafield>
					<datafield ind1=" " ind2="4" tag="264">
						<subfield code="c">© 2018</subfield>
					</datafield>
					<datafield ind1=" " ind2=" " tag="300">
						<subfield code="a">xxiii, 757 Seiten</subfield>
						<subfield code="b">Illustrationen</subfield>
					</datafield>
					<datafield ind1=" " ind2=" " tag="336">
						<subfield code="b">txt</subfield>
						<subfield code="2">rdacontent</subfield>
					</datafield>
					<datafield ind1=" " ind2=" " tag="337">
						<subfield code="b">n</subfield>
						<subfield code="2">rdamedia</subfield>
					</datafield>
					<datafield ind1=" " ind2=" " tag="338">
						<subfield code="b">nc</subfield>
						<subfield code="2">rdacarrier</subfield>
					</datafield>
					<datafield ind1=" " ind2=" " tag="504">
						<subfield code="a">Includes bibliographical references (pages 729-736) and index</subfield>
					</datafield>
					<datafield ind1="1" ind2="7" tag="610">
						<subfield code="a">États-Unis</subfield>
						<subfield code="b">Central intelligence agency</subfield>
						<subfield code="0">(IDREF)027225496</subfield>
						<subfield code="2">idref</subfield>
					</datafield>
					<datafield ind1="_" ind2="7" tag="651">
						<subfield code="a">États-Unis</subfield>
						<subfield code="0">(IDREF)027225488</subfield>
						<subfield code="2">idref</subfield>
					</datafield>
					<datafield ind1="_" ind2="7" tag="651">
						<subfield code="a">Pakistan</subfield>
						<subfield code="0">(IDREF)027367436</subfield>
						<subfield code="2">idref</subfield>
					</datafield>
					<datafield ind1="1" ind2="7" tag="610">
						<subfield code="a">Talibans</subfield>
						<subfield code="0">(IDREF)03508667X</subfield>
						<subfield code="2">idref</subfield>
					</datafield>
					<datafield ind1="_" ind2="7" tag="650">
						<subfield code="a">Opérations militaires</subfield>
						<subfield code="0">(IDREF)027797422</subfield>
						<subfield code="2">idref</subfield>
					</datafield>
					<datafield ind1="1" ind2="7" tag="610">
						<subfield code="a">Pakistan</subfield>
						<subfield code="b">Inter Services Intelligence</subfield>
						<subfield code="2">fast</subfield>
					</datafield>
					<datafield ind1="2" ind2="7" tag="610">
						<subfield code="a">Qaida (Organization)</subfield>
						<subfield code="2">fast</subfield>
					</datafield>
					<datafield ind1="2" ind2="7" tag="610">
						<subfield code="a">Taliban</subfield>
						<subfield code="2">fast</subfield>
					</datafield>
					<datafield ind1="1" ind2="7" tag="610">
						<subfield code="a">United States</subfield>
						<subfield code="b">Central Intelligence Agency</subfield>
						<subfield code="2">fast</subfield>
					</datafield>
					<datafield ind1="1" ind2="7" tag="610">
						<subfield code="a">USA</subfield>
						<subfield code="b">Central Intelligence Agency</subfield>
						<subfield code="0">(DE-588)1021698-4</subfield>
						<subfield code="2">gnd</subfield>
					</datafield>
					<datafield ind1="1" ind2="0" tag="610">
						<subfield code="a">United States</subfield>
						<subfield code="b">Central Intelligence Agency</subfield>
					</datafield>
					<datafield ind1="1" ind2="0" tag="610">
						<subfield code="a">Pakistan</subfield>
						<subfield code="b">Inter Services Intelligence</subfield>
					</datafield>
					<datafield ind1="2" ind2="0" tag="610">
						<subfield code="a">Taliban</subfield>
					</datafield>
					<datafield ind1="2" ind2="0" tag="610">
						<subfield code="a">Qaida (Organization)</subfield>
					</datafield>
					<datafield ind1="1" ind2="4" tag="610">
						<subfield code="a">United States</subfield>
						<subfield code="b">Central Intelligence Agency</subfield>
					</datafield>
					<datafield ind1="1" ind2="7" tag="610">
						<subfield code="a">Pakistan</subfield>
						<subfield code="b">ISI</subfield>
						<subfield code="0">(DE-588)4502583-6</subfield>
						<subfield code="2">gnd</subfield>
					</datafield>
					<datafield ind1="2" ind2="7" tag="611">
						<subfield code="a">Afghan War (2001- )</subfield>
						<subfield code="2">fast</subfield>
					</datafield>
					<datafield ind1=" " ind2="7" tag="648">
						<subfield code="a">Geschichte 2001-2016</subfield>
						<subfield code="2">gnd</subfield>
					</datafield>
					<datafield ind1=" " ind2="7" tag="650">
						<subfield code="a">HISTORY</subfield>
						<subfield code="x">Modern</subfield>
						<subfield code="x">21st Century</subfield>
						<subfield code="2">bisacsh</subfield>
					</datafield>
					<datafield ind1=" " ind2="7" tag="650">
						<subfield code="a">POLITICAL SCIENCE</subfield>
						<subfield code="x">Security (National &amp; International)</subfield>
						<subfield code="2">bisacsh</subfield>
					</datafield>
					<datafield ind1=" " ind2="7" tag="650">
						<subfield code="a">POLITICAL SCIENCE</subfield>
						<subfield code="x">World</subfield>
						<subfield code="x">Middle Eastern</subfield>
						<subfield code="2">bisacsh</subfield>
					</datafield>
					<datafield ind1=" " ind2="7" tag="650">
						<subfield code="a">Military intelligence</subfield>
						<subfield code="2">fast</subfield>
					</datafield>
					<datafield ind1=" " ind2="7" tag="650">
						<subfield code="a">Military relations</subfield>
						<subfield code="2">fast</subfield>
					</datafield>
					<datafield ind1=" " ind2="7" tag="650">
						<subfield code="a">Special operations (Military science)</subfield>
						<subfield code="2">fast</subfield>
					</datafield>
					<datafield ind1=" " ind2="7" tag="650">
						<subfield code="a">Afghanistankrieg</subfield>
						<subfield code="g">2001-2021</subfield>
						<subfield code="0">(DE-588)4997894-9</subfield>
						<subfield code="2">gnd</subfield>
					</datafield>
					<datafield ind1=" " ind2="7" tag="650">
						<subfield code="a">Elfter September</subfield>
						<subfield code="0">(DE-588)4667841-4</subfield>
						<subfield code="2">gnd</subfield>
					</datafield>
					<datafield ind1=" " ind2="0" tag="650">
						<subfield code="a">Afghan War, 2001-</subfield>
					</datafield>
					<datafield ind1=" " ind2="0" tag="650">
						<subfield code="a">Military intelligence</subfield>
						<subfield code="z">United States</subfield>
					</datafield>
					<datafield ind1=" " ind2="0" tag="650">
						<subfield code="a">Military intelligence</subfield>
						<subfield code="z">Pakistan</subfield>
					</datafield>
					<datafield ind1=" " ind2="0" tag="650">
						<subfield code="a">Special operations (Military science)</subfield>
						<subfield code="z">United States</subfield>
					</datafield>
					<datafield ind1=" " ind2="0" tag="650">
						<subfield code="a">Afghan War, 2001-</subfield>
						<subfield code="x">Military intelligence</subfield>
						<subfield code="z">United States</subfield>
					</datafield>
					<datafield ind1=" " ind2="4" tag="650">
						<subfield code="a">Afghan War, 2001-</subfield>
					</datafield>
					<datafield ind1=" " ind2="7" tag="651">
						<subfield code="a">Pakistan</subfield>
						<subfield code="2">fast</subfield>
					</datafield>
					<datafield ind1=" " ind2="7" tag="651">
						<subfield code="a">United States</subfield>
						<subfield code="2">fast</subfield>
					</datafield>
					<datafield ind1=" " ind2="0" tag="651">
						<subfield code="a">United States</subfield>
						<subfield code="x">Military relations</subfield>
						<subfield code="z">Pakistan</subfield>
					</datafield>
					<datafield ind1=" " ind2="0" tag="651">
						<subfield code="a">Pakistan</subfield>
						<subfield code="x">Military relations</subfield>
						<subfield code="z">United States</subfield>
					</datafield>
					<datafield ind1=" " ind2="1" tag="651">
						<subfield code="a">United States</subfield>
						<subfield code="x">Military relations</subfield>
						<subfield code="z">Pakistan</subfield>
					</datafield>
					<datafield ind1=" " ind2="0" tag="651">
						<subfield code="a">Middle East</subfield>
						<subfield code="x">Foreign relations</subfield>
						<subfield code="z">United States</subfield>
					</datafield>
					<datafield ind1=" " ind2="0" tag="651">
						<subfield code="a">United States</subfield>
						<subfield code="x">Foreign relations</subfield>
						<subfield code="z">Middle East</subfield>
					</datafield>
					<datafield ind1=" " ind2="0" tag="651">
						<subfield code="a">United States</subfield>
						<subfield code="x">Military policy</subfield>
						<subfield code="x">History</subfield>
						<subfield code="y">21st century</subfield>
					</datafield>
					<datafield ind1=" " ind2=" " tag="690">
						<subfield code="a">Afghanistan; Krieg; Kampf; Direktion; Staat; Atem; Botschafter; Enigma; Epilog; Leben; Läsion; Terror; Verzeichnis; Wirkung; konfektionierte Textilien; Diktatur; Freund; Hund; Illusion; Märtyrer; Regel; Veränderung; Vogel; Kriminalität; Risikomanagement; Seine; Zelle; Autor; Besetzung; Coll; Drachen; Extremismus; Frieden; Geisel; Index; Liebe; Literatur; Loch; Mensch; Mord; Opfer; Ozean; Radikal; Selbstmord</subfield>
						<subfield code="2">idssg-J</subfield>
					</datafield>
					<datafield ind1=" " ind2=" " tag="690">
						<subfield code="a">Geheimkrieg; Drachenatem; Literaturverzeichnis; Opferwirkung; Selbstmorddetektiv; Glied; Konfliktlösungszelle</subfield>
						<subfield code="2">idssg-J</subfield>
					</datafield>
					<datafield ind1=" " ind2=" " tag="690">
						<subfield code="a">neuer Hund; großer Hund; gute Absicht; hartes Daten; heimlicher Krieg; junges Gericht; katastrophaler Erfolg; kleine Veränderung; starke Liebe; tiefer Staat; vierter Teil; zugefügte Wunde; zweiter Teil</subfield>
						<subfield code="2">idssg-J</subfield>
					</datafield>
					<datafield ind1=" " ind2=" " tag="690">
						<subfield code="a">Afghanistan C9AFGH; Amerika; Pakistan C9PAKI; Frankreich C4EUFR; Vereinigte Staaten C1USA</subfield>
						<subfield code="2">idssg-J</subfield>
					</datafield>
					<datafield ind1=" " ind2=" " tag="690">
						<subfield code="a">autor xi; Steve Coll</subfield>
						<subfield code="2">idssg-J</subfield>
					</datafield>
					<datafield ind1="0" ind2=" " tag="776">
						<subfield code="z">9780525557302</subfield>
						<subfield code="c">ebook</subfield>
					</datafield>
					<datafield ind1="4" ind2=" " tag="856">
						<subfield code="3">Titelblatt und Inhaltsverzeichnis</subfield>
						<subfield code="u">https://toc.library.ethz.ch/objects/pdf03/z01_978-1-59420-458-6_01.pdf</subfield>
						<subfield code="q">pdf</subfield>
					</datafield>
					<datafield ind1=" " ind2=" " tag="900">
						<subfield code="a">IDSZ2zbzmon201806f</subfield>
						<subfield code="c">IDSZ2tobt</subfield>
					</datafield>
					<datafield ind1=" " ind2=" " tag="903">
						<subfield code="a">RERO-SIGN</subfield>
						<subfield code="5">BCUFR/20211027/ddu</subfield>
					</datafield>
					<datafield ind1=" " ind2=" " tag="949">
						<subfield code="a">https://toc.library.ethz.ch/objects/pdf03/z01_978-1-59420-458-6_01.pdf</subfield>
					</datafield>
					<datafield ind1=" " ind2=" " tag="990">
						<subfield code="a">CH00183A04EDCA966A357C1258330003F43C1</subfield>
						<subfield code="b">iCapture</subfield>
						<subfield code="9">local</subfield>
					</datafield>
					<datafield ind1=" " ind2=" " tag="AVA">
						<subfield code="0">9910002580105506</subfield>
						<subfield code="8">2242432950005506</subfield>
						<subfield code="a">41SLSP_HSG</subfield>
						<subfield code="b">HSG</subfield>
						<subfield code="c">.</subfield>
						<subfield code="d">MG 70950 C697</subfield>
						<subfield code="e">available</subfield>
						<subfield code="f">1</subfield>
						<subfield code="g">0</subfield>
						<subfield code="j">UNASSIGNED</subfield>
						<subfield code="k">4</subfield>
						<subfield code="p">1</subfield>
						<subfield code="q">HSG</subfield>
					</datafield>
				</record>
			</recordData>
			<recordIdentifier>9910002580105506</recordIdentifier>
			<recordPosition>21</recordPosition>
		</record>