
		<record>
			<recordSchema>marcxml</recordSchema>
			<recordPacking>xml</recordPacking>
			<recordData>
				<record xmlns="http://www.loc.gov/MARC21/slim">
					<leader>02789cam a2200325Ii 4500</leader>
					<controlfield tag="001">9911350630905506</controlfield>
					<controlfield tag="005">20180710152240.0</controlfield>
					<controlfield tag="006">m     o  d |</controlfield>
					<controlfield tag="007">cr cnu||||||||</controlfield>
					<controlfield tag="008">180706s2018    nyua    ob    001 0 eng d</controlfield>
					<datafield ind1=" " ind2=" " tag="020">
						<subfield code="a">1-315-46491-8</subfield>
					</datafield>
					<datafield ind1=" " ind2=" " tag="020">
						<subfield code="a">1-315-46493-4</subfield>
					</datafield>
					<datafield ind1=" " ind2=" " tag="020">
						<subfield code="a">1-315-46492-6</subfield>
					</datafield>
					<datafield ind1="7" ind2=" " tag="024">
						<subfield code="a">10.4324/9781315464930</subfield>
						<subfield code="2">doi</subfield>
					</datafield>
					<datafield ind1=" " ind2=" " tag="035">
						<subfield code="a">(CKB)4100000001041407</subfield>
					</datafield>
					<datafield ind1=" " ind2=" " tag="035">
						<subfield code="a">(MiAaPQ)EBC5149186</subfield>
					</datafield>
					<datafield ind1=" " ind2=" " tag="035">
						<subfield code="a">(OCoLC)1011121866</subfield>
					</datafield>
					<datafield ind1=" " ind2=" " tag="035">
						<subfield code="a">(EXLCZ)994100000001041407</subfield>
					</datafield>
					<datafield ind1=" " ind2=" " tag="040">
						<subfield code="a">FlBoTFG</subfield>
						<subfield code="c">FlBoTFG</subfield>
						<subfield code="e">rda</subfield>
					</datafield>
					<datafield ind1=" " ind2=" " tag="043">
						<subfield code="a">n-us---</subfield>
					</datafield>
					<datafield ind1=" " ind2="4" tag="050">
						<subfield code="a">PS201</subfield>
						<subfield code="b">.E264 2018</subfield>
					</datafield>
					<datafield ind1="0" ind2=" " tag="082">
						<subfield code="a">810.9003</subfield>
						<subfield code="2">23</subfield>
					</datafield>
					<datafield ind1="0" ind2="0" tag="245">
						<subfield code="a">Ecogothic in nineteenth-century American literature /</subfield>
						<subfield code="c">edited by Dawn Keetley and Matthew Wynn Sivils.</subfield>
					</datafield>
					<datafield ind1=" " ind2="1" tag="264">
						<subfield code="a">New York :</subfield>
						<subfield code="b">Routledge,</subfield>
						<subfield code="c">2018.</subfield>
					</datafield>
					<datafield ind1=" " ind2=" " tag="300">
						<subfield code="a">1 online resource (245 pages).</subfield>
					</datafield>
					<datafield ind1=" " ind2=" " tag="336">
						<subfield code="a">text</subfield>
						<subfield code="2">rdacontent</subfield>
					</datafield>
					<datafield ind1=" " ind2=" " tag="337">
						<subfield code="a">computer</subfield>
						<subfield code="2">rdamedia</subfield>
					</datafield>
					<datafield ind1=" " ind2=" " tag="338">
						<subfield code="a">online resource</subfield>
						<subfield code="2">rdacarrier</subfield>
					</datafield>
					<datafield ind1="0" ind2=" " tag="490">
						<subfield code="a">Routledge Studies in World Literatures and the Environment</subfield>
					</datafield>
					<datafield ind1=" " ind2=" " tag="500">
						<subfield code="a">Includes index.</subfield>
					</datafield>
					<datafield ind1=" " ind2=" " tag="588">
						<subfield code="a">Description based on online resource; title from PDF title page (EBC, viewed December 12, 2017).</subfield>
					</datafield>
					<datafield ind1="0" ind2="0" tag="505">
						<subfield code="t">chapter Introduction: Approaches to the Ecogothic --</subfield>
						<subfield code="t">chapter 1 “Perverse Nature”: Anxieties of Animality and Environment in Charles Brockden Brown’s Edgar Huntly --</subfield>
						<subfield code="t">chapter 2 “A Heap of Ruins”: The Horrors of Deforestation in Leonora Sansay’s Secret History --</subfield>
						<subfield code="t">chapter 3 “The Earth Was Groaning and Shaking”: Landscapes of Slavery in The History of Mary Prince --</subfield>
						<subfield code="t">chapter 4 “Give me my skin”: William J. Snelling’s “A Night in the Woods” (1836) and the Gothic Accusation Against Buffalo Extinction --</subfield>
						<subfield code="t">chapter 5 Failures to Signify: Poe’s Uncanny Animal Others --</subfield>
						<subfield code="t">chapter 6 Gothic Materialisms: Experimenting with Fire and Water in Edgar Allan Poe’s Tales of (Im)mortality --</subfield>
						<subfield code="t">chapter 7 “The Birth-Mark,” “Rappaccini’s Daughter,” and the Ecogothic --</subfield>
						<subfield code="t">chapter 8 Ghoulish Hinterlands: Ecogothic Confrontations in American Slave Narratives J ER IC HO W I LL I A MS --</subfield>
						<subfield code="t">chapter 9 Bleeding Feet and Failing Knees: The Ecogothic in Uncle Tom’s Cabin and Chasing Ice CARIM. CAR PE N T ER --</subfield>
						<subfield code="t">chapter 10 Vegetal Haunting: The Gothic Plant in Nineteenth-Century American Fiction M AT T H EW WYNN SI VILS --</subfield>
						<subfield code="t">chapter 11 Ecogothic Extinction Fiction: The Extermination of the Alaskan Mammoth JENNIF ER SC H ELL --</subfield>
						<subfield code="t">chapter 12 Hyperobjects and the End of the World: Elemental Antagonists of American Naturalism JEFFR EY A N DR EW WEI NSTOC K --</subfield>
						<subfield code="t">chapter 13 “Two Distinct Worlds”? Maintaining and Transgressing the Boundaries of the HumAnimal in Thomas Pynchon’s M IC H A EL F UC HS /</subfield>
						<subfield code="r">Mason and Dixon.</subfield>
					</datafield>
					<datafield ind1=" " ind2=" " tag="520">
						<subfield code="a">"Entry"--Provided by publisher.</subfield>
					</datafield>
					<datafield ind1=" " ind2="0" tag="650">
						<subfield code="a">American literature</subfield>
						<subfield code="y">19th century</subfield>
						<subfield code="x">History and criticism.</subfield>
					</datafield>
					<datafield ind1=" " ind2="0" tag="650">
						<subfield code="a">Ecocriticism</subfield>
						<subfield code="z">United States.</subfield>
					</datafield>
					<datafield ind1=" " ind2="4" tag="655">
						<subfield code="a">Electronic books.</subfield>
					</datafield>
					<datafield ind1=" " ind2=" " tag="776">
						<subfield code="z">0-367-88427-5</subfield>
					</datafield>
					<datafield ind1=" " ind2=" " tag="776">
						<subfield code="z">1-138-20645-8</subfield>
					</datafield>
					<datafield ind1="1" ind2=" " tag="700">
						<subfield code="a">Keetley, Dawn,</subfield>
						<subfield code="e">editor.</subfield>
					</datafield>
					<datafield ind1="1" ind2=" " tag="700">
						<subfield code="a">Sivils, Matthew Wynn,</subfield>
						<subfield code="e">editor.</subfield>
					</datafield>
					<datafield ind1=" " ind2=" " tag="906">
						<subfield code="a">BOOK</subfield>
					</datafield>
					<datafield ind1=" " ind2=" " tag="AVE">
						<subfield code="8">5390342360005506</subfield>
						<subfield code="c">6176611040005506</subfield>
						<subfield code="e">Available</subfield>
						<subfield code="m">Taylor &amp; Francis eBooks EBS</subfield>
						<subfield code="a">41SLSP_HSG</subfield>
						<subfield code="0">9911350630905506</subfield>
					</datafield>
				</record>
			</recordData>
			<recordIdentifier>9911350630905506</recordIdentifier>
			<recordPosition>22</recordPosition>
		</record>