
		<record>
			<recordSchema>marcxml</recordSchema>
			<recordPacking>xml</recordPacking>
			<recordData>
				<record xmlns="http://www.loc.gov/MARC21/slim">
					<leader>04514nam a22005295i 4500</leader>
					<controlfield tag="001">9911088534605506</controlfield>
					<controlfield tag="005">20200702012522.0</controlfield>
					<controlfield tag="006">m     o  d |</controlfield>
					<controlfield tag="007">cr cnu||||||||</controlfield>
					<controlfield tag="008">191021s2019    xxu|    o    |||| 0|eng d</controlfield>
					<datafield ind1=" " ind2=" " tag="020">
						<subfield code="a">1-4842-5197-0</subfield>
					</datafield>
					<datafield ind1="7" ind2=" " tag="024">
						<subfield code="a">10.1007/978-1-4842-5197-3</subfield>
						<subfield code="2">doi</subfield>
					</datafield>
					<datafield ind1=" " ind2=" " tag="035">
						<subfield code="a">(CKB)4100000009606162</subfield>
					</datafield>
					<datafield ind1=" " ind2=" " tag="035">
						<subfield code="a">(MiAaPQ)EBC5966664</subfield>
					</datafield>
					<datafield ind1=" " ind2=" " tag="035">
						<subfield code="a">(DE-He213)978-1-4842-5197-3</subfield>
					</datafield>
					<datafield ind1=" " ind2=" " tag="035">
						<subfield code="a">(CaSebORM)9781484251973</subfield>
					</datafield>
					<datafield ind1=" " ind2=" " tag="035">
						<subfield code="a">(EXLCZ)994100000009606162</subfield>
					</datafield>
					<datafield ind1=" " ind2=" " tag="040">
						<subfield code="a">MiAaPQ</subfield>
						<subfield code="b">eng</subfield>
						<subfield code="e">rda</subfield>
						<subfield code="e">pn</subfield>
						<subfield code="c">MiAaPQ</subfield>
						<subfield code="d">MiAaPQ</subfield>
					</datafield>
					<datafield ind1="0" ind2=" " tag="041">
						<subfield code="a">eng</subfield>
					</datafield>
					<datafield ind1=" " ind2="4" tag="050">
						<subfield code="a">QA76.9.D3</subfield>
						<subfield code="b">.K455 2019</subfield>
					</datafield>
					<datafield ind1=" " ind2="7" tag="072">
						<subfield code="a">UN</subfield>
						<subfield code="2">bicssc</subfield>
					</datafield>
					<datafield ind1=" " ind2="7" tag="072">
						<subfield code="a">COM021000</subfield>
						<subfield code="2">bisacsh</subfield>
					</datafield>
					<datafield ind1=" " ind2="7" tag="072">
						<subfield code="a">UN</subfield>
						<subfield code="2">thema</subfield>
					</datafield>
					<datafield ind1=" " ind2="7" tag="072">
						<subfield code="a">UMT</subfield>
						<subfield code="2">thema</subfield>
					</datafield>
					<datafield ind1="0" ind2=" " tag="082">
						<subfield code="a">005.7565</subfield>
						<subfield code="2">23</subfield>
					</datafield>
					<datafield ind1="1" ind2=" " tag="100">
						<subfield code="a">Kellenberger, Kathi.</subfield>
						<subfield code="e">author.</subfield>
						<subfield code="4">aut</subfield>
						<subfield code="4">http://id.loc.gov/vocabulary/relators/aut</subfield>
					</datafield>
					<datafield ind1="1" ind2="0" tag="245">
						<subfield code="a">Expert T-SQL Window Functions in SQL Server 2019</subfield>
						<subfield code="h">[electronic resource] :</subfield>
						<subfield code="b">The Hidden Secret to Fast Analytic and Reporting Queries /</subfield>
						<subfield code="c">by Kathi Kellenberger, Clayton Groom, Ed Pollack.</subfield>
					</datafield>
					<datafield ind1=" " ind2=" " tag="250">
						<subfield code="a">2nd ed. 2019.</subfield>
					</datafield>
					<datafield ind1=" " ind2="1" tag="264">
						<subfield code="a">Berkeley, CA :</subfield>
						<subfield code="b">Apress :</subfield>
						<subfield code="b">Imprint: Apress,</subfield>
						<subfield code="c">2019.</subfield>
					</datafield>
					<datafield ind1=" " ind2=" " tag="300">
						<subfield code="a">1 online resource (221 pages)</subfield>
					</datafield>
					<datafield ind1=" " ind2=" " tag="336">
						<subfield code="a">text</subfield>
						<subfield code="b">txt</subfield>
						<subfield code="2">rdacontent</subfield>
					</datafield>
					<datafield ind1=" " ind2=" " tag="337">
						<subfield code="a">computer</subfield>
						<subfield code="b">c</subfield>
						<subfield code="2">rdamedia</subfield>
					</datafield>
					<datafield ind1=" " ind2=" " tag="338">
						<subfield code="a">online resource</subfield>
						<subfield code="b">cr</subfield>
						<subfield code="2">rdacarrier</subfield>
					</datafield>
					<datafield ind1=" " ind2=" " tag="347">
						<subfield code="a">text file</subfield>
					</datafield>
					<datafield ind1=" " ind2=" " tag="500">
						<subfield code="a">Includes index.</subfield>
					</datafield>
					<datafield ind1=" " ind2=" " tag="520">
						<subfield code="a">Become an expert who can use window functions to solve T-SQL query problems. Replace slow cursors and self-joins with queries that are easy to write and perform better. This new edition provides expanded examples, including a chapter from the world of sports, and covers the latest performance enhancements through SQL Server 2019. Window functions are useful in analytics and business intelligence reporting. They came into full blossom with SQL Server 2012, yet they are not as well known and used as often as they ought to be. This group of functions is one of the most notable developments in SQL, and this book shows how every developer and DBA can benefit from their expressive power in solving day-to-day business problems. Once you begin using window functions, such as ROW_NUMBER and LAG, you will discover many ways to use them. You will approach SQL Server queries in a different way, thinking about sets of data instead of individual rows. Your queries will run faster, be easier to write, and easier to deconstruct, maintain, and enhance in the future. Just knowing and using these functions is not enough. You also need to understand how to tune the queries. Expert T-SQL Window Functions in SQL Server clearly explains how to get the best performance. The book also covers the rare cases when older techniques are the best bet. You will: Solve complex query problems without cumbersome self-joins that run slowly and are difficult to read Create sliding windows in a result set for computing such as running totals and moving averages Return aggregate and detail data simultaneously from the same SELECT statement Compute lag and lead and other values that access data from multiple rows in a result set Understand the OVER clause syntax and how to control the window Avoid framing errors that can lead to unexpected results.</subfield>
					</datafield>
					<datafield ind1="0" ind2=" " tag="505">
						<subfield code="a">1. Looking through the Window -- 2. Discovering Ranking Functions.-3. Summarizing with Window Aggregates -- 4. Calculating Running and Moving Aggregates -- 5. Adding Frames to the Window -- 6. Taking a Peek at Another Row -- 7. Understanding Statistical Functions -- 8. Tuning for Better Performance -- 9. Hitting a Home Run with Gaps, Islands, and Streaks -- 10. Time Range Calculations -- 11. Time Trend Calculations.</subfield>
					</datafield>
					<datafield ind1=" " ind2="0" tag="650">
						<subfield code="a">Database management.</subfield>
					</datafield>
					<datafield ind1=" " ind2="0" tag="650">
						<subfield code="a">Programming languages (Electronic computers).</subfield>
					</datafield>
					<datafield ind1=" " ind2="0" tag="650">
						<subfield code="a">Microsoft software.</subfield>
					</datafield>
					<datafield ind1=" " ind2="0" tag="650">
						<subfield code="a">Microsoft .NET Framework.</subfield>
					</datafield>
					<datafield ind1="1" ind2="4" tag="650">
						<subfield code="a">Database Management.</subfield>
						<subfield code="0">https://scigraph.springernature.com/ontologies/product-market-codes/I18024</subfield>
					</datafield>
					<datafield ind1="2" ind2="4" tag="650">
						<subfield code="a">Programming Languages, Compilers, Interpreters.</subfield>
						<subfield code="0">https://scigraph.springernature.com/ontologies/product-market-codes/I14037</subfield>
					</datafield>
					<datafield ind1="2" ind2="4" tag="650">
						<subfield code="a">Microsoft and .NET.</subfield>
						<subfield code="0">https://scigraph.springernature.com/ontologies/product-market-codes/I29030</subfield>
					</datafield>
					<datafield ind1="1" ind2=" " tag="700">
						<subfield code="a">Groom, Clayton.</subfield>
						<subfield code="e">author.</subfield>
						<subfield code="4">aut</subfield>
						<subfield code="4">http://id.loc.gov/vocabulary/relators/aut</subfield>
					</datafield>
					<datafield ind1="1" ind2=" " tag="700">
						<subfield code="a">Pollack, Ed.</subfield>
						<subfield code="e">author.</subfield>
						<subfield code="4">aut</subfield>
						<subfield code="4">http://id.loc.gov/vocabulary/relators/aut</subfield>
					</datafield>
					<datafield ind1=" " ind2=" " tag="776">
						<subfield code="z">1-4842-5196-2</subfield>
					</datafield>
					<datafield ind1=" " ind2=" " tag="906">
						<subfield code="a">BOOK</subfield>
					</datafield>
					<datafield ind1=" " ind2=" " tag="AVE">
						<subfield code="8">5369500710005506</subfield>
						<subfield code="c">6164319640005506</subfield>
						<subfield code="e">Available</subfield>
						<subfield code="m">Ebook Central Perpetual, DDA and Subscription Titles</subfield>
						<subfield code="t">Ebook Central</subfield>
						<subfield code="a">41SLSP_HSG</subfield>
						<subfield code="0">9911088534605506</subfield>
					</datafield>
				</record>
			</recordData>
			<recordIdentifier>9911088534605506</recordIdentifier>
			<recordPosition>23</recordPosition>
		</record>