
		<record>
			<recordSchema>marcxml</recordSchema>
			<recordPacking>xml</recordPacking>
			<recordData>
				<record xmlns="http://www.loc.gov/MARC21/slim">
					<leader>02423nam-a2200337z--4500</leader>
					<controlfield tag="001">9911331852605506</controlfield>
					<controlfield tag="005">20230221125925.0</controlfield>
					<controlfield tag="006">m     o  d</controlfield>
					<controlfield tag="007">cr|mn|---annan</controlfield>
					<controlfield tag="008">202102s2018    xx |||||o     ||| 0|ita d</controlfield>
					<datafield ind1=" " ind2=" " tag="035">
						<subfield code="a">(CKB)4100000004244628</subfield>
					</datafield>
					<datafield ind1=" " ind2=" " tag="035">
						<subfield code="a">(oapen)https://directory.doabooks.org/handle/20.500.12854/48658</subfield>
					</datafield>
					<datafield ind1=" " ind2=" " tag="035">
						<subfield code="a">(EXLCZ)994100000004244628</subfield>
					</datafield>
					<datafield ind1="0" ind2=" " tag="041">
						<subfield code="a">ita</subfield>
					</datafield>
					<datafield ind1="1" ind2=" " tag="100">
						<subfield code="a">Laura Di Fiore</subfield>
						<subfield code="4">auth</subfield>
					</datafield>
					<datafield ind1="1" ind2="0" tag="245">
						<subfield code="a">Gli Invisibili: Polizia politica e agenti segreti nell’Ottocento borbonico</subfield>
						<subfield code="b">The Invisibles: Political Police and Secret Agents in the Nineteenth-Century Mezzogiorno</subfield>
					</datafield>
					<datafield ind1=" " ind2=" " tag="246">
						<subfield code="a">Gli Invisibili</subfield>
					</datafield>
					<datafield ind1=" " ind2=" " tag="260">
						<subfield code="b">FedOA - Federico II University Press</subfield>
						<subfield code="c">2018</subfield>
					</datafield>
					<datafield ind1=" " ind2=" " tag="300">
						<subfield code="a">1 electronic resource (152 p.)</subfield>
					</datafield>
					<datafield ind1=" " ind2=" " tag="336">
						<subfield code="a">text</subfield>
						<subfield code="b">txt</subfield>
						<subfield code="2">rdacontent</subfield>
					</datafield>
					<datafield ind1=" " ind2=" " tag="337">
						<subfield code="a">computer</subfield>
						<subfield code="b">c</subfield>
						<subfield code="2">rdamedia</subfield>
					</datafield>
					<datafield ind1=" " ind2=" " tag="338">
						<subfield code="a">online resource</subfield>
						<subfield code="b">cr</subfield>
						<subfield code="2">rdacarrier</subfield>
					</datafield>
					<datafield ind1="1" ind2=" " tag="490">
						<subfield code="a">Clio: Saggi di scienze storiche, archeologiche e storico-artistiche</subfield>
					</datafield>
					<datafield ind1=" " ind2=" " tag="520">
						<subfield code="a">During the nineteenth century, the police control represented, for the European continent, first one of the pivotal components of the international system developed by Metternich and then a function to be reshaped in view of the political crisis due to the events of 1848. In the Kingdom of the Two Sicilies, in the aftermath of the French Decade, the police were the focus of an intense reflection, inclined to rethink it beyond the Napoleonic model, whose outcome was not at all obvious. The issues that emerged in this context concerning the nature and limits of police power were destined to remain, in the following decades, the subject of a debate developed in the broader framework of the Italian peninsula. The revolutionary turmoil crossing the Kingdom, in particular following the 1848 revolutions, nevertheless placed in the foreground the urgency of deploying suitable devices and instruments to make the prevailing task of police control a defense of the status quo. Moreover, facing the global scale of the liberal-democratic threat, the Bourbon police rearranged political surveillance in a transnational sense, resorting to secret agents and spies, but also to consuls and diplomats, on the trail of exiles and conspirators in a European and Mediterranean dimension.</subfield>
					</datafield>
					<datafield ind1=" " ind2=" " tag="546">
						<subfield code="a">Italian</subfield>
					</datafield>
					<datafield ind1=" " ind2=" " tag="653">
						<subfield code="a">Kingdom of the Two Sicilies</subfield>
					</datafield>
					<datafield ind1=" " ind2=" " tag="653">
						<subfield code="a">Political Police</subfield>
					</datafield>
					<datafield ind1=" " ind2=" " tag="653">
						<subfield code="a">19th Century</subfield>
					</datafield>
					<datafield ind1=" " ind2=" " tag="653">
						<subfield code="a">Secret agents</subfield>
					</datafield>
					<datafield ind1=" " ind2=" " tag="653">
						<subfield code="a">Exiles</subfield>
					</datafield>
					<datafield ind1=" " ind2=" " tag="776">
						<subfield code="z">88-6887-035-5</subfield>
					</datafield>
					<datafield ind1=" " ind2=" " tag="906">
						<subfield code="a">BOOK</subfield>
					</datafield>
					<datafield ind1=" " ind2=" " tag="AVE">
						<subfield code="8">5388075880005506</subfield>
						<subfield code="c">6188000480005506</subfield>
						<subfield code="e">Available</subfield>
						<subfield code="m">KU Open Research Library</subfield>
						<subfield code="t">Knowledge Unlatched</subfield>
						<subfield code="a">41SLSP_HSG</subfield>
						<subfield code="0">9911331852605506</subfield>
					</datafield>
				</record>
			</recordData>
			<recordIdentifier>9911331852605506</recordIdentifier>
			<recordPosition>25</recordPosition>
		</record>