
		<record>
			<recordSchema>marcxml</recordSchema>
			<recordPacking>xml</recordPacking>
			<recordData>
				<record xmlns="http://www.loc.gov/MARC21/slim">
					<leader>04692nam a22006615i 4500</leader>
					<controlfield tag="001">9911016672905506</controlfield>
					<controlfield tag="005">20190326051319.0</controlfield>
					<controlfield tag="006">m|||||o||d||||||||</controlfield>
					<controlfield tag="007">cr cnu||||||||</controlfield>
					<controlfield tag="008">190326s2018    nyu    fo  d z      eng d</controlfield>
					<datafield ind1=" " ind2=" " tag="020">
						<subfield code="a">0-231-54498-7</subfield>
					</datafield>
					<datafield ind1="7" ind2=" " tag="024">
						<subfield code="a">10.7312/guil18352</subfield>
						<subfield code="2">doi</subfield>
					</datafield>
					<datafield ind1=" " ind2=" " tag="035">
						<subfield code="a">(CKB)3840000000329310</subfield>
					</datafield>
					<datafield ind1=" " ind2=" " tag="035">
						<subfield code="a">(MiAaPQ)EBC5276185</subfield>
					</datafield>
					<datafield ind1=" " ind2=" " tag="035">
						<subfield code="a">(DE-B1597)493828</subfield>
					</datafield>
					<datafield ind1=" " ind2=" " tag="035">
						<subfield code="a">(OCoLC)1046604264</subfield>
					</datafield>
					<datafield ind1=" " ind2=" " tag="035">
						<subfield code="a">(DE-B1597)9780231544986</subfield>
					</datafield>
					<datafield ind1=" " ind2=" " tag="035">
						<subfield code="a">(EXLCZ)993840000000329310</subfield>
					</datafield>
					<datafield ind1=" " ind2=" " tag="040">
						<subfield code="a">DE-B1597</subfield>
						<subfield code="b">eng</subfield>
						<subfield code="c">DE-B1597</subfield>
						<subfield code="e">rda</subfield>
					</datafield>
					<datafield ind1="0" ind2=" " tag="041">
						<subfield code="a">eng</subfield>
					</datafield>
					<datafield ind1=" " ind2=" " tag="043">
						<subfield code="a">a-ja---</subfield>
					</datafield>
					<datafield ind1=" " ind2=" " tag="044">
						<subfield code="a">nyu</subfield>
						<subfield code="c">US-NY</subfield>
					</datafield>
					<datafield ind1=" " ind2="0" tag="050">
						<subfield code="a">KZ1181</subfield>
					</datafield>
					<datafield ind1=" " ind2="7" tag="072">
						<subfield code="a">HIS021000</subfield>
						<subfield code="2">bisacsh</subfield>
					</datafield>
					<datafield ind1=" " ind2="7" tag="072">
						<subfield code="a">HIS027010</subfield>
						<subfield code="2">bisacsh</subfield>
					</datafield>
					<datafield ind1=" " ind2="7" tag="072">
						<subfield code="a">HIS027100</subfield>
						<subfield code="2">bisacsh</subfield>
					</datafield>
					<datafield ind1="0" ind2="0" tag="082">
						<subfield code="a">341.6/90268</subfield>
					</datafield>
					<datafield ind1="1" ind2=" " tag="100">
						<subfield code="a">Guillemin, Jeanne,</subfield>
						<subfield code="e">author.</subfield>
					</datafield>
					<datafield ind1="1" ind2="0" tag="245">
						<subfield code="a">Hidden Atrocities :</subfield>
						<subfield code="b">Japanese Germ Warfare and American Obstruction of Justice at the Tokyo Trial /</subfield>
						<subfield code="c">Jeanne Guillemin.</subfield>
					</datafield>
					<datafield ind1=" " ind2="1" tag="264">
						<subfield code="a">New York, NY :</subfield>
						<subfield code="b">Columbia University Press,</subfield>
						<subfield code="c">[2018]</subfield>
					</datafield>
					<datafield ind1=" " ind2="4" tag="264">
						<subfield code="c">©2017</subfield>
					</datafield>
					<datafield ind1=" " ind2=" " tag="300">
						<subfield code="a">1 online resource (483 pages) :</subfield>
						<subfield code="b">illustrations</subfield>
					</datafield>
					<datafield ind1=" " ind2=" " tag="336">
						<subfield code="a">text</subfield>
						<subfield code="2">rdacontent</subfield>
					</datafield>
					<datafield ind1=" " ind2=" " tag="337">
						<subfield code="a">computer</subfield>
						<subfield code="2">rdamedia</subfield>
					</datafield>
					<datafield ind1=" " ind2=" " tag="338">
						<subfield code="a">online resource</subfield>
						<subfield code="2">rdacarrier</subfield>
					</datafield>
					<datafield ind1="0" ind2=" " tag="490">
						<subfield code="a">A Nancy Bernkopf Tucker and Warren I. Cohen Book on American–East Asian Relations</subfield>
					</datafield>
					<datafield ind1=" " ind2=" " tag="500">
						<subfield code="a">Includes index.</subfield>
					</datafield>
					<datafield ind1="0" ind2=" " tag="588">
						<subfield code="a">Description based on online resource; title from PDF title page (publisher's Web site, viewed 26. Mrz 2019)</subfield>
					</datafield>
					<datafield ind1=" " ind2=" " tag="520">
						<subfield code="a">In the aftermath of World War II, the Allied intent to bring Axis crimes to light led to both the Nuremberg trials and their counterpart in Tokyo, the International Military Tribunal of the Far East. Yet the Tokyo Trial failed to prosecute imperial Japanese leaders for the worst of war crimes: inhumane medical experimentation, including vivisection and open-air pathogen and chemical tests, which rivaled Nazi atrocities, as well as mass attacks using plague, anthrax, and cholera that killed thousands of Chinese civilians. In Hidden Atrocities, Jeanne Guillemin goes behind the scenes at the trial to reveal the American obstruction that denied justice to Japan's victims.Responsibility for Japan's secret germ-warfare program, organized as Unit 731 in Harbin, China, extended to top government leaders and many respected scientists, all of whom escaped indictment. Instead, motivated by early Cold War tensions, U.S. military intelligence in Tokyo insinuated itself into the Tokyo Trial by blocking prosecution access to key witnesses and then classifying incriminating documents. Washington decision makers, supported by the American occupation leader, General Douglas MacArthur, sought to acquire Japan's biological-warfare expertise to gain an advantage over the Soviet Union, suspected of developing both biological and nuclear weapons. Ultimately, U.S. national-security goals left the victims of Unit 731 without vindication. Decades later, evidence of the Unit 731 atrocities still troubles relations between China and Japan. Guillemin's vivid account of the cover-up at the Tokyo Trial shows how without guarantees of transparency, power politics can jeopardize international justice, with persistent consequences.</subfield>
					</datafield>
					<datafield ind1=" " ind2=" " tag="546">
						<subfield code="a">In English.</subfield>
					</datafield>
					<datafield ind1="0" ind2="0" tag="505">
						<subfield code="t">Frontmatter --</subfield>
						<subfield code="t">CONTENTS --</subfield>
						<subfield code="t">Prologue: General Ishii and Germ Warfare --</subfield>
						<subfield code="t">Introduction: Lasting Peace and the Protection of Civilians --</subfield>
						<subfield code="t">1. MacArthur in Japan: "Punish the War Criminals" --</subfield>
						<subfield code="t">2. Spoils of War: Secret Japanese Biological Science --</subfield>
						<subfield code="t">3. International Prosecution Section: Toward the "Swift and Simple Trial" --</subfield>
						<subfield code="t">4. The Investigation for Evidence in China --</subfield>
						<subfield code="t">5. The Best Witnesses --</subfield>
						<subfield code="t">6. Tokyo: The Rush to Trial --</subfield>
						<subfield code="t">7. The Trial Begins --</subfield>
						<subfield code="t">8. The Atrocities --</subfield>
						<subfield code="t">9. The Soviet Division Versus US Military Intelligence --</subfield>
						<subfield code="t">10. National Security Versus Medical Ethics --</subfield>
						<subfield code="t">11. Open and Closed Trials --</subfield>
						<subfield code="t">Epilogue: The Fallout --</subfield>
						<subfield code="t">Acknowledgments --</subfield>
						<subfield code="t">Source Notes --</subfield>
						<subfield code="t">ACRONYMS --</subfield>
						<subfield code="t">Principal Characters --</subfield>
						<subfield code="t">Notes --</subfield>
						<subfield code="t">Index</subfield>
					</datafield>
					<datafield ind1=" " ind2=" " tag="530">
						<subfield code="a">Issued also in print.</subfield>
					</datafield>
					<datafield ind1=" " ind2="0" tag="650">
						<subfield code="a">Tokyo Trial, Tokyo, Japan, 1946-1948.</subfield>
					</datafield>
					<datafield ind1=" " ind2="0" tag="650">
						<subfield code="a">War crime trials</subfield>
						<subfield code="z">Japan.</subfield>
					</datafield>
					<datafield ind1=" " ind2=" " tag="776">
						<subfield code="z">0-231-18352-6</subfield>
					</datafield>
					<datafield ind1=" " ind2=" " tag="906">
						<subfield code="a">BOOK</subfield>
					</datafield>
					<datafield ind1=" " ind2=" " tag="AVE">
						<subfield code="8">5365011810005506</subfield>
						<subfield code="c">6164319640005506</subfield>
						<subfield code="e">Available</subfield>
						<subfield code="m">Ebook Central Perpetual, DDA and Subscription Titles</subfield>
						<subfield code="t">Ebook Central</subfield>
						<subfield code="a">41SLSP_HSG</subfield>
						<subfield code="0">9911016672905506</subfield>
					</datafield>
				</record>
			</recordData>
			<recordIdentifier>9911016672905506</recordIdentifier>
			<recordPosition>26</recordPosition>
		</record>