
		<record>
			<recordSchema>marcxml</recordSchema>
			<recordPacking>xml</recordPacking>
			<recordData>
				<record xmlns="http://www.loc.gov/MARC21/slim">
					<leader>03087nam a2200613 c 4500</leader>
					<controlfield tag="001">9911249694305506</controlfield>
					<controlfield tag="005">20220513110444.0</controlfield>
					<controlfield tag="008">200928s2020    nyua     b    001 0 eng|^</controlfield>
					<datafield ind1=" " ind2=" " tag="010">
						<subfield code="a">2020017251</subfield>
					</datafield>
					<datafield ind1=" " ind2=" " tag="020">
						<subfield code="a">9781250207142</subfield>
						<subfield code="q">hardcover</subfield>
						<subfield code="c">25.00 EUR</subfield>
					</datafield>
					<datafield ind1=" " ind2=" " tag="020">
						<subfield code="a">1250207142</subfield>
						<subfield code="q">hardcover</subfield>
					</datafield>
					<datafield ind1=" " ind2=" " tag="035">
						<subfield code="a">(swissbib)018250750-41slsp_network</subfield>
					</datafield>
					<datafield ind1=" " ind2=" " tag="035">
						<subfield code="a">018250750</subfield>
						<subfield code="9">ExL</subfield>
					</datafield>
					<datafield ind1=" " ind2=" " tag="035">
						<subfield code="a">(IDSLU)001411487ILU01</subfield>
					</datafield>
					<datafield ind1=" " ind2=" " tag="035">
						<subfield code="a">(OCoLC)1197982124</subfield>
					</datafield>
					<datafield ind1=" " ind2=" " tag="035">
						<subfield code="a">(EXLNZ-41SLSP_NETWORK)991095174719705501</subfield>
					</datafield>
					<datafield ind1=" " ind2=" " tag="040">
						<subfield code="a">DLC</subfield>
						<subfield code="b">ger</subfield>
						<subfield code="e">rda</subfield>
						<subfield code="d">CH-ZuSLS</subfield>
					</datafield>
					<datafield ind1="0" ind2=" " tag="041">
						<subfield code="a">eng</subfield>
					</datafield>
					<datafield ind1=" " ind2=" " tag="043">
						<subfield code="a">e-gr---</subfield>
					</datafield>
					<datafield ind1="0" ind2="0" tag="050">
						<subfield code="a">BR128.G8</subfield>
						<subfield code="b">M95 2020</subfield>
					</datafield>
					<datafield ind1=" " ind2="7" tag="072">
						<subfield code="a">012</subfield>
						<subfield code="2">IDS LU</subfield>
					</datafield>
					<datafield ind1="0" ind2="0" tag="082">
						<subfield code="a">204/.2</subfield>
						<subfield code="2">23</subfield>
					</datafield>
					<datafield ind1="7" ind2="4" tag="082">
						<subfield code="a">200</subfield>
						<subfield code="2">23sdnb</subfield>
					</datafield>
					<datafield ind1="7" ind2="4" tag="082">
						<subfield code="a">940</subfield>
						<subfield code="2">23sdnb</subfield>
					</datafield>
					<datafield ind1=" " ind2=" " tag="084">
						<subfield code="a">BE 1580</subfield>
						<subfield code="2">rvk</subfield>
					</datafield>
					<datafield ind1=" " ind2=" " tag="084">
						<subfield code="a">BE 2060</subfield>
						<subfield code="2">rvk</subfield>
					</datafield>
					<datafield ind1="1" ind2=" " tag="100">
						<subfield code="a">Muraresku, Brian C.</subfield>
						<subfield code="4">aut</subfield>
						<subfield code="0">(DE-588)1253415579</subfield>
					</datafield>
					<datafield ind1="0" ind2="0" tag="245">
						<subfield code="a">&lt;&lt;The&gt;&gt; immortality key</subfield>
						<subfield code="b">the secret history of the religion with no name</subfield>
						<subfield code="c">Brian C. Muraresku ; foreword by Graham Hancock</subfield>
					</datafield>
					<datafield ind1=" " ind2=" " tag="250">
						<subfield code="a">First edition</subfield>
					</datafield>
					<datafield ind1=" " ind2="1" tag="264">
						<subfield code="a">New York</subfield>
						<subfield code="b">St. Martin's Press</subfield>
						<subfield code="c">[2020]</subfield>
					</datafield>
					<datafield ind1=" " ind2="4" tag="264">
						<subfield code="c">© 2020</subfield>
					</datafield>
					<datafield ind1=" " ind2=" " tag="300">
						<subfield code="a">xx, 460 pages, 16 unnumbered pages of plates</subfield>
						<subfield code="b">illustrations (some color), maps</subfield>
						<subfield code="c">25 cm</subfield>
					</datafield>
					<datafield ind1=" " ind2=" " tag="336">
						<subfield code="b">txt</subfield>
						<subfield code="2">rdacontent</subfield>
					</datafield>
					<datafield ind1=" " ind2=" " tag="337">
						<subfield code="b">n</subfield>
						<subfield code="2">rdamedia</subfield>
					</datafield>
					<datafield ind1=" " ind2=" " tag="338">
						<subfield code="b">nc</subfield>
						<subfield code="2">rdacarrier</subfield>
					</datafield>
					<datafield ind1=" " ind2=" " tag="504">
						<subfield code="a">Includes bibliographical references and index</subfield>
					</datafield>
					<datafield ind1="0" ind2=" " tag="505">
						<subfield code="a">Foreword by Graham Hancock -- Introduction: a new reformation -- Part I. Brewing the psychedelic beer. Identity crisis -- Fall from grace -- Barley meal and laurel leaves -- Secret of secrets -- The beatific vision -- Graveyard beer -- The Kukeon of Catalonia -- Epilogue to part I -- Part II. Mixing the psychelic wine. The drug of immortality -- Vineyards of heaven -- Holy elixirs in the Holy Land -- Drunk with the nectar of eternity -- All this was not just picnicking -- The Holy Grail -- A Gnostic eucharist - Mystery coast highway -- The gospel of infinity and the toad eucharist -- Our eyes have been opened --Afterword</subfield>
					</datafield>
					<datafield ind1=" " ind2=" " tag="520">
						<subfield code="a">A groundbreaking dive into the role psychedelics have played in the origins of Western civilization, and the real-life quest for the Holy Grail that could shake the Church to its foundations.--From book flap</subfield>
					</datafield>
					<datafield ind1=" " ind2="7" tag="650">
						<subfield code="a">Religion</subfield>
						<subfield code="2">gnd</subfield>
						<subfield code="0">(DE-588)4049396-9</subfield>
					</datafield>
					<datafield ind1=" " ind2="7" tag="650">
						<subfield code="a">Christentum</subfield>
						<subfield code="2">gnd</subfield>
						<subfield code="0">(DE-588)4010074-1</subfield>
					</datafield>
					<datafield ind1=" " ind2="7" tag="650">
						<subfield code="a">Halluzinogen</subfield>
						<subfield code="2">gnd</subfield>
						<subfield code="0">(DE-588)4134941-6</subfield>
					</datafield>
					<datafield ind1=" " ind2="7" tag="650">
						<subfield code="a">Archäobotanik</subfield>
						<subfield code="2">gnd</subfield>
						<subfield code="0">(DE-588)4211318-0</subfield>
					</datafield>
					<datafield ind1=" " ind2="7" tag="650">
						<subfield code="a">Religiöse Erfahrung</subfield>
						<subfield code="2">gnd</subfield>
						<subfield code="0">(DE-588)4076649-4</subfield>
					</datafield>
					<datafield ind1=" " ind2="7" tag="650">
						<subfield code="a">Gral</subfield>
						<subfield code="2">gnd</subfield>
						<subfield code="0">(DE-588)4021799-1</subfield>
					</datafield>
					<datafield ind1=" " ind2="0" tag="650">
						<subfield code="a">Christianity and other religions</subfield>
						<subfield code="x">Greek</subfield>
					</datafield>
					<datafield ind1=" " ind2="0" tag="650">
						<subfield code="a">Christianity</subfield>
						<subfield code="x">Origin</subfield>
					</datafield>
					<datafield ind1=" " ind2="0" tag="650">
						<subfield code="a">Hallucinogenic drugs and religious experience</subfield>
					</datafield>
					<datafield ind1=" " ind2="0" tag="650">
						<subfield code="a">Mysteries, Religious</subfield>
					</datafield>
					<datafield ind1=" " ind2="0" tag="651">
						<subfield code="a">Greece</subfield>
						<subfield code="x">Religion</subfield>
					</datafield>
					<datafield ind1="0" ind2="8" tag="776">
						<subfield code="i">Erscheint auch als</subfield>
						<subfield code="n">Online-Ausgabe</subfield>
						<subfield code="t">&lt;&lt;The&gt;&gt; immortality key</subfield>
						<subfield code="z">9781250270917</subfield>
					</datafield>
					<datafield ind1="1" ind2=" " tag="700">
						<subfield code="a">Hancock, Graham</subfield>
						<subfield code="d">1950-</subfield>
						<subfield code="4">wpr</subfield>
						<subfield code="0">(DE-588)11819528X</subfield>
					</datafield>
					<datafield ind1="4" ind2="2" tag="856">
						<subfield code="3">Inhaltsverzeichnis</subfield>
						<subfield code="q">PDF</subfield>
						<subfield code="u">https://urn.ub.unibe.ch/urn:ch:slsp:1250207142:ihv:pdf</subfield>
					</datafield>
					<datafield ind1=" " ind2=" " tag="900">
						<subfield code="a">Stoppsignal FRED</subfield>
						<subfield code="x">RZS/LUUHL/202104</subfield>
					</datafield>
					<datafield ind1=" " ind2=" " tag="900">
						<subfield code="a">OK_GND</subfield>
						<subfield code="x">RZS/LUUHL/202104/stsa</subfield>
					</datafield>
					<datafield ind1=" " ind2=" " tag="949">
						<subfield code="a">https://urn.ub.unibe.ch/urn:ch:slsp:1250207142:ihv:pdf</subfield>
					</datafield>
					<datafield ind1=" " ind2=" " tag="AVA">
						<subfield code="0">9911249694305506</subfield>
						<subfield code="8">2279729360005506</subfield>
						<subfield code="a">41SLSP_HSG</subfield>
						<subfield code="b">HSG</subfield>
						<subfield code="c">Basement</subfield>
						<subfield code="d">BE 2060 M972</subfield>
						<subfield code="e">available</subfield>
						<subfield code="f">1</subfield>
						<subfield code="g">0</subfield>
						<subfield code="j">UG</subfield>
						<subfield code="k">4</subfield>
						<subfield code="p">1</subfield>
						<subfield code="q">HSG</subfield>
					</datafield>
				</record>
			</recordData>
			<recordIdentifier>9911249694305506</recordIdentifier>
			<recordPosition>28</recordPosition>
		</record>