
		<record>
			<recordSchema>marcxml</recordSchema>
			<recordPacking>xml</recordPacking>
			<recordData>
				<record xmlns="http://www.loc.gov/MARC21/slim">
					<leader>01415nam a2200361 i 4500</leader>
					<controlfield tag="001">9911324425505506</controlfield>
					<controlfield tag="005">20220902123738.0</controlfield>
					<controlfield tag="006">m     o  d |</controlfield>
					<controlfield tag="007">cr||||||||nn|n</controlfield>
					<controlfield tag="008">220902s2021    nyu     o     000 0 eng d</controlfield>
					<datafield ind1=" " ind2=" " tag="020">
						<subfield code="a">9780823289257</subfield>
					</datafield>
					<datafield ind1=" " ind2=" " tag="020">
						<subfield code="a">0823289257</subfield>
					</datafield>
					<datafield ind1="7" ind2=" " tag="024">
						<subfield code="a">10.1515/9780823289257</subfield>
						<subfield code="2">doi</subfield>
					</datafield>
					<datafield ind1=" " ind2=" " tag="035">
						<subfield code="a">(CKB)5590000000006478</subfield>
					</datafield>
					<datafield ind1=" " ind2=" " tag="035">
						<subfield code="a">(OCoLC)1225555651</subfield>
					</datafield>
					<datafield ind1=" " ind2=" " tag="035">
						<subfield code="a">(MdBmJHUP)muse85692</subfield>
					</datafield>
					<datafield ind1=" " ind2=" " tag="035">
						<subfield code="a">(DE-B1597)575431</subfield>
					</datafield>
					<datafield ind1=" " ind2=" " tag="035">
						<subfield code="a">(DE-B1597)9780823289257</subfield>
					</datafield>
					<datafield ind1=" " ind2=" " tag="035">
						<subfield code="a">(MiAaPQ)EBC6413886</subfield>
					</datafield>
					<datafield ind1=" " ind2=" " tag="035">
						<subfield code="a">(Au-PeEL)EBL6413886</subfield>
					</datafield>
					<datafield ind1=" " ind2=" " tag="035">
						<subfield code="a">(EXLCZ)995590000000006478</subfield>
					</datafield>
					<datafield ind1=" " ind2=" " tag="040">
						<subfield code="a">MiAaPQ</subfield>
						<subfield code="b">eng</subfield>
						<subfield code="e">rda</subfield>
						<subfield code="e">pn</subfield>
						<subfield code="c">MiAaPQ</subfield>
						<subfield code="d">MiAaPQ</subfield>
					</datafield>
					<datafield ind1=" " ind2=" " tag="044">
						<subfield code="a">nyu</subfield>
						<subfield code="c">US-NY</subfield>
					</datafield>
					<datafield ind1=" " ind2="4" tag="050">
						<subfield code="a">BD418.3</subfield>
						<subfield code="b">.D846 2021</subfield>
					</datafield>
					<datafield ind1=" " ind2="7" tag="072">
						<subfield code="a">LIT006000</subfield>
						<subfield code="2">bisacsh</subfield>
					</datafield>
					<datafield ind1="0" ind2=" " tag="082">
						<subfield code="a">128</subfield>
						<subfield code="2">23</subfield>
					</datafield>
					<datafield ind1="1" ind2=" " tag="100">
						<subfield code="a">Dufourmantelle, Anne,</subfield>
						<subfield code="e">author.</subfield>
					</datafield>
					<datafield ind1="1" ind2="0" tag="245">
						<subfield code="a">In defense of secrets /</subfield>
						<subfield code="c">Anne Dufourmantelle ; translated by Lindsay Turner.</subfield>
					</datafield>
					<datafield ind1=" " ind2="1" tag="264">
						<subfield code="a">New York :</subfield>
						<subfield code="b">Fordham University Press,</subfield>
						<subfield code="c">[2021]</subfield>
					</datafield>
					<datafield ind1=" " ind2="4" tag="264">
						<subfield code="c">©2021</subfield>
					</datafield>
					<datafield ind1=" " ind2=" " tag="300">
						<subfield code="a">1 online resource (1 online resource 161 p.)</subfield>
					</datafield>
					<datafield ind1=" " ind2=" " tag="336">
						<subfield code="a">text</subfield>
						<subfield code="b">txt</subfield>
						<subfield code="2">rdacontent</subfield>
					</datafield>
					<datafield ind1=" " ind2=" " tag="337">
						<subfield code="a">computer</subfield>
						<subfield code="b">c</subfield>
						<subfield code="2">rdamedia</subfield>
					</datafield>
					<datafield ind1=" " ind2=" " tag="338">
						<subfield code="a">online resource</subfield>
						<subfield code="b">cr</subfield>
						<subfield code="2">rdacarrier</subfield>
					</datafield>
					<datafield ind1=" " ind2=" " tag="520">
						<subfield code="a">In an age that prizes political and personal transparency, In Defense of the Secret champions the secret as what permits relation and ensures our humanity.</subfield>
					</datafield>
					<datafield ind1=" " ind2=" " tag="500">
						<subfield code="a">Description based upon print version of record.</subfield>
					</datafield>
					<datafield ind1="0" ind2="0" tag="505">
						<subfield code="t">Frontmatter --</subfield>
						<subfield code="t">Contents --</subfield>
						<subfield code="t">Preamble --</subfield>
						<subfield code="t">I. Memories of the Secret --</subfield>
						<subfield code="t">Origins --</subfield>
						<subfield code="t">In the Crypt --</subfield>
						<subfield code="t">Etymology --</subfield>
						<subfield code="t">When the Secret Appears --</subfield>
						<subfield code="t">Occult Force --</subfield>
						<subfield code="t">II. The Secret’s Passions --</subfield>
						<subfield code="t">Lifting the Veil --</subfield>
						<subfield code="t">The Unavowable --</subfield>
						<subfield code="t">A Treasure, a Poison --</subfield>
						<subfield code="t">Genesis --</subfield>
						<subfield code="t">Storia I --</subfield>
						<subfield code="t">III. Being or Having --</subfield>
						<subfield code="t">The Last Secret --</subfield>
						<subfield code="t">The Body au secret --</subfield>
						<subfield code="t">Eroticism --</subfield>
						<subfield code="t">Storia II --</subfield>
						<subfield code="t">Storia III --</subfield>
						<subfield code="t">IV. Transparency and Truth --</subfield>
						<subfield code="t">Violations --</subfield>
						<subfield code="t">Dissimulations --</subfield>
						<subfield code="t">Surveillances --</subfield>
						<subfield code="t">Adaptations --</subfield>
						<subfield code="t">Mirages --</subfield>
						<subfield code="t">Big Data, Hyperconnection, Speed: The Spiral --</subfield>
						<subfield code="t">Archives --</subfield>
						<subfield code="t">Secret Societies --</subfield>
						<subfield code="t">The Unifying Secret --</subfield>
						<subfield code="t">V. An Ethics of the Secret --</subfield>
						<subfield code="t">Panopticum: Bentham, Kant, Constant --</subfield>
						<subfield code="t">Inappropriable --</subfield>
						<subfield code="t">Creative Power --</subfield>
						<subfield code="t">The Secret of Dreams --</subfield>
						<subfield code="t">Sex and Prayer --</subfield>
						<subfield code="t">Secret Sideration --</subfield>
						<subfield code="t">Jealousies --</subfield>
						<subfield code="t">The Conspiracy Theory --</subfield>
						<subfield code="t">VI. Toward Mystery --</subfield>
						<subfield code="t">Secret Nature --</subfield>
						<subfield code="t">Veils --</subfield>
						<subfield code="t">Legacies --</subfield>
						<subfield code="t">Aside --</subfield>
						<subfield code="t">A Part of One’s Own --</subfield>
						<subfield code="t">Secret of the Prophetic Voice --</subfield>
						<subfield code="t">Sacrifice --</subfield>
						<subfield code="t">Mystery’s Share --</subfield>
						<subfield code="t">Notes --</subfield>
						<subfield code="t">Bibliography</subfield>
					</datafield>
					<datafield ind1=" " ind2=" " tag="588">
						<subfield code="a">Description based on print version record.</subfield>
					</datafield>
					<datafield ind1=" " ind2="0" tag="650">
						<subfield code="a">Privacy</subfield>
						<subfield code="x">Psychological aspects.</subfield>
					</datafield>
					<datafield ind1=" " ind2="0" tag="650">
						<subfield code="a">Secrecy</subfield>
						<subfield code="x">Psychological aspects.</subfield>
					</datafield>
					<datafield ind1=" " ind2="0" tag="650">
						<subfield code="a">Secret (Philosophy)</subfield>
					</datafield>
					<datafield ind1=" " ind2="4" tag="655">
						<subfield code="a">Electronic books.</subfield>
					</datafield>
					<datafield ind1=" " ind2=" " tag="776">
						<subfield code="z">0-8232-8925-7</subfield>
					</datafield>
					<datafield ind1="1" ind2=" " tag="700">
						<subfield code="a">Turner, Lindsay,</subfield>
						<subfield code="e">translator.</subfield>
					</datafield>
					<datafield ind1=" " ind2=" " tag="906">
						<subfield code="a">BOOK</subfield>
					</datafield>
					<datafield ind1=" " ind2=" " tag="AVE">
						<subfield code="8">5386770710005506</subfield>
						<subfield code="c">6164319640005506</subfield>
						<subfield code="e">Available</subfield>
						<subfield code="m">Ebook Central Perpetual, DDA and Subscription Titles</subfield>
						<subfield code="t">Ebook Central</subfield>
						<subfield code="a">41SLSP_HSG</subfield>
						<subfield code="0">9911324425505506</subfield>
					</datafield>
				</record>
			</recordData>
			<recordIdentifier>9911324425505506</recordIdentifier>
			<recordPosition>29</recordPosition>
		</record>