
		<record>
			<recordSchema>marcxml</recordSchema>
			<recordPacking>xml</recordPacking>
			<recordData>
				<record xmlns="http://www.loc.gov/MARC21/slim">
					<leader>04739nam a2200721 c 4500</leader>
					<controlfield tag="001">9911269317005506</controlfield>
					<controlfield tag="005">20230327201950.0</controlfield>
					<controlfield tag="008">201011s2018    inu      b||| 001 0 eng|c</controlfield>
					<datafield ind1=" " ind2=" " tag="010">
						<subfield code="a">2018019388</subfield>
					</datafield>
					<datafield ind1=" " ind2=" " tag="020">
						<subfield code="a">9780253037480</subfield>
						<subfield code="q">cloth</subfield>
					</datafield>
					<datafield ind1=" " ind2=" " tag="020">
						<subfield code="a">0253037484</subfield>
						<subfield code="q">cloth</subfield>
					</datafield>
					<datafield ind1=" " ind2=" " tag="020">
						<subfield code="a">9780253037497</subfield>
						<subfield code="q">paperback</subfield>
					</datafield>
					<datafield ind1=" " ind2=" " tag="020">
						<subfield code="a">0253037492</subfield>
						<subfield code="q">paperback</subfield>
					</datafield>
					<datafield ind1=" " ind2=" " tag="035">
						<subfield code="a">(swissbib)217372430-41slsp_network</subfield>
					</datafield>
					<datafield ind1=" " ind2=" " tag="035">
						<subfield code="a">217372430</subfield>
						<subfield code="9">ExL</subfield>
					</datafield>
					<datafield ind1=" " ind2=" " tag="035">
						<subfield code="a">(IDSBB)006847935DSV01</subfield>
					</datafield>
					<datafield ind1=" " ind2=" " tag="035">
						<subfield code="a">(RERO)R008879048-41slsp</subfield>
					</datafield>
					<datafield ind1=" " ind2=" " tag="035">
						<subfield code="a">(OCoLC)1017976652</subfield>
						<subfield code="z">(OCoLC)1017851603</subfield>
					</datafield>
					<datafield ind1=" " ind2=" " tag="035">
						<subfield code="a">(EXLNZ-41SLSP_NETWORK)991088727149705501</subfield>
					</datafield>
					<datafield ind1=" " ind2=" " tag="040">
						<subfield code="a">IEN/DLC</subfield>
						<subfield code="b">fre</subfield>
						<subfield code="e">rda</subfield>
						<subfield code="d">CH-ZuSLS</subfield>
					</datafield>
					<datafield ind1="0" ind2=" " tag="041">
						<subfield code="a">eng</subfield>
					</datafield>
					<datafield ind1=" " ind2=" " tag="042">
						<subfield code="a">pcc</subfield>
					</datafield>
					<datafield ind1=" " ind2=" " tag="043">
						<subfield code="a">f-so---</subfield>
					</datafield>
					<datafield ind1="0" ind2="0" tag="050">
						<subfield code="a">HV6433.S582</subfield>
						<subfield code="b">S53 2018</subfield>
					</datafield>
					<datafield ind1=" " ind2="7" tag="072">
						<subfield code="a">af</subfield>
						<subfield code="2">SzZuIDS BS/BE</subfield>
					</datafield>
					<datafield ind1=" " ind2="7" tag="072">
						<subfield code="a">dr</subfield>
						<subfield code="2">rero</subfield>
					</datafield>
					<datafield ind1="0" ind2="4" tag="082">
						<subfield code="a">303.625096773</subfield>
						<subfield code="2">23</subfield>
					</datafield>
					<datafield ind1="1" ind2="4" tag="082">
						<subfield code="a">960</subfield>
						<subfield code="2">15</subfield>
					</datafield>
					<datafield ind1="1" ind2="4" tag="082">
						<subfield code="a">355</subfield>
						<subfield code="2">15</subfield>
					</datafield>
					<datafield ind1=" " ind2=" " tag="084">
						<subfield code="a">MI 56096</subfield>
						<subfield code="2">rvk</subfield>
					</datafield>
					<datafield ind1=" " ind2=" " tag="084">
						<subfield code="a">CD/SP 32 g</subfield>
						<subfield code="2">cjurrom</subfield>
					</datafield>
					<datafield ind1="1" ind2=" " tag="100">
						<subfield code="6">880-01</subfield>
						<subfield code="a">Maruf, Harun</subfield>
						<subfield code="d">19..-....</subfield>
						<subfield code="0">(IDREF)234357630</subfield>
						<subfield code="4">aut</subfield>
					</datafield>
					<datafield ind1="1" ind2=" " tag="880">
						<subfield code="6">100-01</subfield>
						<subfield code="a">Maruf, Harun</subfield>
						<subfield code="4">aut</subfield>
						<subfield code="0">(DE-588)1170978711</subfield>
					</datafield>
					<datafield ind1="1" ind2="0" tag="245">
						<subfield code="a">Inside al-Shabaab</subfield>
						<subfield code="b">the secret history of al-Qaeda's most powerful ally</subfield>
						<subfield code="c">Harun Maruf and Dan Joseph ; foreword by Christopher Anzalone</subfield>
					</datafield>
					<datafield ind1=" " ind2="1" tag="264">
						<subfield code="a">Bloomington, IN</subfield>
						<subfield code="b">Indiana University Press</subfield>
						<subfield code="c">[2018]</subfield>
					</datafield>
					<datafield ind1=" " ind2="4" tag="264">
						<subfield code="c">© 2018</subfield>
					</datafield>
					<datafield ind1=" " ind2=" " tag="300">
						<subfield code="a">xiii, 323 pages</subfield>
						<subfield code="b">illustrations</subfield>
						<subfield code="c">23 cm</subfield>
					</datafield>
					<datafield ind1=" " ind2=" " tag="336">
						<subfield code="b">txt</subfield>
						<subfield code="2">rdacontent</subfield>
					</datafield>
					<datafield ind1=" " ind2=" " tag="337">
						<subfield code="b">n</subfield>
						<subfield code="2">rdamedia</subfield>
					</datafield>
					<datafield ind1=" " ind2=" " tag="338">
						<subfield code="b">nc</subfield>
						<subfield code="2">rdacarrier</subfield>
					</datafield>
					<datafield ind1=" " ind2=" " tag="504">
						<subfield code="a">Includes bibliographical references and index</subfield>
					</datafield>
					<datafield ind1=" " ind2=" " tag="520">
						<subfield code="a">One of the most powerful Islamic militant groups in Africa, Al-Shabaab exerts Taliban-like rule over millions in Somalia and poses a growing threat to stability in the Horn of Africa. Somalis risk retaliation or death if they oppose or fail to comply with Al-Shabaab-imposed restrictions on aspects of everyday life such as clothing, media, sports, interpersonal relations, and prayer. Inside Al-Shabaab: The Secret History of Al-Qaeda's Most Powerful Ally recounts the rise, fall, and resurgence of this overlooked terrorist organization and provides an intimate understanding of its connections with Al-Qaeda. Drawing from interviews with former Al-Shabaab militants, including high-ranking officials, military commanders, police, and foot soldiers, authors Harun Maruf and Dan Joseph reveal the motivations of those who commit their lives to the group and its violent jihadist agenda. A wealth of sources including US diplomatic cables released by Wikileaks, letters taken from the Pakistani hideout of Osama bin Laden, case files from the prosecution of American Al-Shabaab members, emails from Hillary Clinton's tenure as secretary of state, and Al-Shabaab's own statements and recruiting videos inform Maruf and Joseph's investigation of the United States' campaign against Al-Shabaab and how the 2006 US-backed Ethiopian invasion of Somalia gave the group the popular support it needed to radicalize ordinary citizens and become a powerful movement.--Back cover</subfield>
					</datafield>
					<datafield ind1="0" ind2=" " tag="505">
						<subfield code="a">Foreword / by Christopher Anzalone -- Prologue: birth of a militant -- Part One: Origins and Rise. 1. Jihad arrives in Somalia -- 2. The CIA, the warlords, and Ethiopia -- 3. "The real jihad has just started" -- 4. Godane -- 5. Al-Shabaab Americans -- 5. Radical organization -- Part Two: The Battle for Mogadishu. 7. "TFG in grave jeopardy" -- 8. "Send troops ... within 24 hours" -- 9. Zenith and stalemate -- 10. The Ramadan offensive -- 11. Withdrawal -- Part Three: On the Run. 12. Divisions and purge -- 13. The road to Westgate -- 14. No place to hide -- Part Four: Resurgence. 15. Arresting the decline -- 16. The ISIS incursion -- 17. Al-Shabaab's future</subfield>
					</datafield>
					<datafield ind1="2" ind2="7" tag="610">
						<subfield code="a">Shabaab</subfield>
						<subfield code="0">(DE-588)7725209-3</subfield>
						<subfield code="2">gnd</subfield>
					</datafield>
					<datafield ind1="2" ind2="0" tag="610">
						<subfield code="a">Shabaab (Organization)</subfield>
					</datafield>
					<datafield ind1="2" ind2="7" tag="610">
						<subfield code="a">al-Qaida</subfield>
						<subfield code="0">(DE-588)4666782-9</subfield>
						<subfield code="2">gnd</subfield>
					</datafield>
					<datafield ind1=" " ind2="7" tag="650">
						<subfield code="a">Fundamentalismus</subfield>
						<subfield code="0">(DE-588)4137178-1</subfield>
						<subfield code="2">gnd</subfield>
					</datafield>
					<datafield ind1=" " ind2="7" tag="650">
						<subfield code="a">Islam</subfield>
						<subfield code="2">gnd</subfield>
						<subfield code="0">(DE-588)4027743-4</subfield>
					</datafield>
					<datafield ind1=" " ind2="7" tag="650">
						<subfield code="a">Terrorismus</subfield>
						<subfield code="0">(DE-588)4059534-1</subfield>
						<subfield code="2">gnd</subfield>
					</datafield>
					<datafield ind1=" " ind2="7" tag="650">
						<subfield code="a">Djihad</subfield>
						<subfield code="2">gnd</subfield>
						<subfield code="0">(DE-588)4305296-4</subfield>
					</datafield>
					<datafield ind1=" " ind2="0" tag="650">
						<subfield code="a">Terrorism</subfield>
						<subfield code="z">Somalia</subfield>
					</datafield>
					<datafield ind1=" " ind2="0" tag="650">
						<subfield code="a">Insurgency</subfield>
						<subfield code="z">Somalia</subfield>
					</datafield>
					<datafield ind1=" " ind2="0" tag="650">
						<subfield code="a">Islam and politics</subfield>
						<subfield code="z">Somalia</subfield>
					</datafield>
					<datafield ind1=" " ind2="7" tag="651">
						<subfield code="a">Somalia</subfield>
						<subfield code="0">(DE-588)4077509-4</subfield>
						<subfield code="2">gnd</subfield>
					</datafield>
					<datafield ind1=" " ind2="0" tag="651">
						<subfield code="a">Somalia</subfield>
						<subfield code="x">Politics and government</subfield>
						<subfield code="y">1991-</subfield>
					</datafield>
					<datafield ind1=" " ind2="7" tag="648">
						<subfield code="a">Geschichte</subfield>
					</datafield>
					<datafield ind1="1" ind2=" " tag="700">
						<subfield code="6">880-02</subfield>
						<subfield code="a">Joseph, Dan</subfield>
						<subfield code="0">(RERO)A027741482</subfield>
						<subfield code="4">aut</subfield>
					</datafield>
					<datafield ind1="1" ind2=" " tag="880">
						<subfield code="6">700-02/(B</subfield>
						<subfield code="a">Joseph, Dan</subfield>
						<subfield code="4">aut</subfield>
						<subfield code="0">(DE-588)1170978940</subfield>
					</datafield>
					<datafield ind1="1" ind2=" " tag="700">
						<subfield code="a">Anzalone, Christopher</subfield>
						<subfield code="4">wpr</subfield>
						<subfield code="0">(DE-588)1138934607</subfield>
					</datafield>
					<datafield ind1="0" ind2="8" tag="776">
						<subfield code="i">Also published as an</subfield>
						<subfield code="n">ebook</subfield>
						<subfield code="t">Inside al-Shabaab</subfield>
						<subfield code="z">9780253037503</subfield>
					</datafield>
					<datafield ind1="0" ind2="8" tag="776">
						<subfield code="i">Also published as an</subfield>
						<subfield code="n">ebook</subfield>
						<subfield code="t">Inside al-Shabaab</subfield>
						<subfield code="z">9780253037510</subfield>
					</datafield>
					<datafield ind1="4" ind2=" " tag="856">
						<subfield code="3">Inhaltsverzeichnis</subfield>
						<subfield code="u">http://www.ub.unibas.ch/tox/IDSBB/006847935/PDF</subfield>
						<subfield code="q">pdf</subfield>
					</datafield>
					<datafield ind1=" " ind2=" " tag="900">
						<subfield code="a">REROnoselfmerge</subfield>
					</datafield>
					<datafield ind1=" " ind2=" " tag="949">
						<subfield code="a">http://www.ub.unibas.ch/tox/IDSBB/006847935/PDF</subfield>
					</datafield>
					<datafield ind1=" " ind2=" " tag="AVA">
						<subfield code="0">9911269317005506</subfield>
						<subfield code="8">2281895660005506</subfield>
						<subfield code="a">41SLSP_HSG</subfield>
						<subfield code="b">HSG</subfield>
						<subfield code="c">Basement</subfield>
						<subfield code="d">MI 56096 M389</subfield>
						<subfield code="e">available</subfield>
						<subfield code="f">1</subfield>
						<subfield code="g">0</subfield>
						<subfield code="j">UG</subfield>
						<subfield code="k">4</subfield>
						<subfield code="p">1</subfield>
						<subfield code="q">HSG</subfield>
					</datafield>
				</record>
			</recordData>
			<recordIdentifier>9911269317005506</recordIdentifier>
			<recordPosition>30</recordPosition>
		</record>