
		<record>
			<recordSchema>marcxml</recordSchema>
			<recordPacking>xml</recordPacking>
			<recordData>
				<record xmlns="http://www.loc.gov/MARC21/slim">
					<leader>05680cam a2200553Ii 4500</leader>
					<controlfield tag="001">9911350163805506</controlfield>
					<controlfield tag="005">20211202025252.0</controlfield>
					<controlfield tag="006">m     o  d</controlfield>
					<controlfield tag="007">cr cnu|||unuuu</controlfield>
					<controlfield tag="008">211007s2022    enk    eo     000 0 eng d</controlfield>
					<datafield ind1=" " ind2=" " tag="020">
						<subfield code="a">1-00-314732-1</subfield>
					</datafield>
					<datafield ind1=" " ind2=" " tag="020">
						<subfield code="a">1-000-54317-X</subfield>
					</datafield>
					<datafield ind1=" " ind2=" " tag="020">
						<subfield code="a">1-000-54319-6</subfield>
					</datafield>
					<datafield ind1=" " ind2=" " tag="020">
						<subfield code="a">1-003-14732-1</subfield>
					</datafield>
					<datafield ind1=" " ind2=" " tag="035">
						<subfield code="a">(CKB)5600000000021223</subfield>
					</datafield>
					<datafield ind1=" " ind2=" " tag="035">
						<subfield code="a">(MiAaPQ)EBC6845743</subfield>
					</datafield>
					<datafield ind1=" " ind2=" " tag="035">
						<subfield code="a">(Au-PeEL)EBL6845743</subfield>
					</datafield>
					<datafield ind1=" " ind2=" " tag="035">
						<subfield code="a">(OCoLC)1292358331</subfield>
					</datafield>
					<datafield ind1=" " ind2=" " tag="035">
						<subfield code="a">(OCoLC)1273727473</subfield>
					</datafield>
					<datafield ind1=" " ind2=" " tag="035">
						<subfield code="a">(OCoLC-P)1273727473</subfield>
					</datafield>
					<datafield ind1=" " ind2=" " tag="035">
						<subfield code="a">(FlBoTFG)9781003147329</subfield>
					</datafield>
					<datafield ind1=" " ind2=" " tag="035">
						<subfield code="a">(EXLCZ)995600000000021223</subfield>
					</datafield>
					<datafield ind1=" " ind2=" " tag="040">
						<subfield code="a">OCoLC-P</subfield>
						<subfield code="b">eng</subfield>
						<subfield code="e">rda</subfield>
						<subfield code="e">pn</subfield>
						<subfield code="c">OCoLC-P</subfield>
					</datafield>
					<datafield ind1=" " ind2="4" tag="050">
						<subfield code="a">JF1525.I6</subfield>
						<subfield code="b">.I584 2022</subfield>
					</datafield>
					<datafield ind1=" " ind2="7" tag="072">
						<subfield code="a">POL</subfield>
						<subfield code="x">036000</subfield>
						<subfield code="2">bisacsh</subfield>
					</datafield>
					<datafield ind1=" " ind2="7" tag="072">
						<subfield code="a">POL</subfield>
						<subfield code="x">011000</subfield>
						<subfield code="2">bisacsh</subfield>
					</datafield>
					<datafield ind1=" " ind2="7" tag="072">
						<subfield code="a">POL</subfield>
						<subfield code="x">012000</subfield>
						<subfield code="2">bisacsh</subfield>
					</datafield>
					<datafield ind1=" " ind2="7" tag="072">
						<subfield code="a">GTJ</subfield>
						<subfield code="2">bicssc</subfield>
					</datafield>
					<datafield ind1="0" ind2=" " tag="082">
						<subfield code="a">327.12</subfield>
						<subfield code="2">23</subfield>
					</datafield>
					<datafield ind1="0" ind2="0" tag="245">
						<subfield code="a">Intelligence agencies, technology and knowledge production :</subfield>
						<subfield code="b">data processing and information transfer in secret services during the Cold War /</subfield>
						<subfield code="c">edited by Rüdiger Bergien, Debora Gerstenberger, Constantin Goschler.</subfield>
					</datafield>
					<datafield ind1=" " ind2=" " tag="250">
						<subfield code="a">First edition.</subfield>
					</datafield>
					<datafield ind1=" " ind2="1" tag="264">
						<subfield code="a">London :</subfield>
						<subfield code="b">Routledge,</subfield>
						<subfield code="c">2022.</subfield>
					</datafield>
					<datafield ind1=" " ind2=" " tag="300">
						<subfield code="a">1 online resource (309 pages)</subfield>
					</datafield>
					<datafield ind1=" " ind2=" " tag="336">
						<subfield code="a">text</subfield>
						<subfield code="b">txt</subfield>
						<subfield code="2">rdacontent</subfield>
					</datafield>
					<datafield ind1=" " ind2=" " tag="337">
						<subfield code="a">computer</subfield>
						<subfield code="b">c</subfield>
						<subfield code="2">rdamedia</subfield>
					</datafield>
					<datafield ind1=" " ind2=" " tag="338">
						<subfield code="a">online resource</subfield>
						<subfield code="b">cr</subfield>
						<subfield code="2">rdacarrier</subfield>
					</datafield>
					<datafield ind1="1" ind2=" " tag="490">
						<subfield code="a">Studies in Intelligence</subfield>
					</datafield>
					<datafield ind1=" " ind2=" " tag="588">
						<subfield code="a">Description based on print version record.</subfield>
					</datafield>
					<datafield ind1=" " ind2=" " tag="520">
						<subfield code="a">This volume examines intelligence services since 1945 in their role as knowledge producers. Intelligence agencies are producers and providers of arcane information. However, little is known about the social, cultural and material dimensions of their knowledge production, processing and distribution. This volume starts from the assumption that during the Cold War, these core activities of information services underwent decisive changes, of which scientization and computerisation are essential. With a focus on the emerging alliances between intelligence agencies, science and (computer) technology, the chapters empirically explore these transformations and are characterised by innovative combinations of intelligence history with theoretical considerations from the history of science and technology and the history of knowledge. At the same time, the book challenges the bipolarity of Cold War history in general and of intelligence history in particular in favour of comparative and transnational perspectives. The focus is not only the Soviet Union and the United States, but also Poland, Turkey, the two German states and Brazil. This approach reveals surprising commonalities across systems: time and again, the expansion and use of intelligence knowledge came up against the limits that resulted from intelligence culture itself. The book enriches our global understanding of knowledge of the state and contributes to a historical framework for the past decade of debates about the societal consequences of intelligence data processing. This book will be of much interest to students of intelligence studies, science and technology studies, security studies and International Relations.</subfield>
					</datafield>
					<datafield ind1="0" ind2=" " tag="505">
						<subfield code="a">The Knowledge of Intelligence Agencies in the Cold War World: An Introduction Rüdiger Bergien, Debora Gerstenberger, and Constantin Goschler1. Compromised Cooperation: Researchers on Eastern Europe in the Service of Intelligence in West Germany after 1945Thomas Wolf2. Dogma versus Progress: KGB's Scientific and Technological Surveillance (In-) Capacities from the 1960s to the 1980sEvgenia Lezina3. Mission Impossible: The Difficult Consolidation of Strategic Intelligence in the United States During the Cold WarAndreas Lutsch4. American Security Databases and the Production of Space, 1967-1974: Enhancing or Obscuring Patterns? Jens Wegener5. Knowledge Transfer and Technopolitics: The CIA, the West German Intelligence Service, and the Digitization of Information Processing in the 1960sRüdiger Bergien 6. Information Technology is Power: The Intelligence Service's Grab for the Digital Computing Sector in BrazilMarcelo Vianna7. The Computer as Document Shredder: Video Terminals and the Dawn of a New Era of Knowledge Production in Brazil's Serviço Nacional de Informações (SNI)Debora Gerstenberger8. Turkish Intelligence, Surveillance and the Secrets of the Cold War: Blocked Modernization?Egemen Bezci9. Solid Modernity: Data Storage and Information Circuits in the Communist Security Police in PolandFranciszek Dabrowski10. Perceptions of Digital Computers at the German Domestic Intelligence Service: Eliminating the Human Factor?Christopher Kirchberg11. Global Intelligence Academies: Information Schools during the Civil-Military Dictatorship in BrazilSamantha Viz Quadrat12. Intelligence Public Relations: The Annual Reports on the Protection of the Constitution in West Germany Marcel SchmeerConclusionRüdiger Bergien, Debora Gerstenberger, and Constantin Goschler</subfield>
					</datafield>
					<datafield ind1=" " ind2="0" tag="650">
						<subfield code="a">Intelligence service</subfield>
						<subfield code="x">History</subfield>
						<subfield code="y">20th century.</subfield>
					</datafield>
					<datafield ind1=" " ind2=" " tag="776">
						<subfield code="z">0-367-70639-3</subfield>
					</datafield>
					<datafield ind1="1" ind2=" " tag="700">
						<subfield code="a">Bergien, Rüdiger,</subfield>
						<subfield code="e">editor.</subfield>
					</datafield>
					<datafield ind1="1" ind2=" " tag="700">
						<subfield code="a">Gerstenberger, Debora,</subfield>
						<subfield code="e">editor.</subfield>
					</datafield>
					<datafield ind1="1" ind2=" " tag="700">
						<subfield code="a">Goschler, Constantin,</subfield>
						<subfield code="e">editor.</subfield>
					</datafield>
					<datafield ind1=" " ind2="0" tag="830">
						<subfield code="a">Studies in intelligence.</subfield>
					</datafield>
					<datafield ind1=" " ind2=" " tag="906">
						<subfield code="a">BOOK</subfield>
					</datafield>
					<datafield ind1=" " ind2=" " tag="AVE">
						<subfield code="8">5390204640005506</subfield>
						<subfield code="c">6176611040005506</subfield>
						<subfield code="e">Available</subfield>
						<subfield code="m">Taylor &amp; Francis eBooks EBS</subfield>
						<subfield code="a">41SLSP_HSG</subfield>
						<subfield code="0">9911350163805506</subfield>
					</datafield>
				</record>
			</recordData>
			<recordIdentifier>9911350163805506</recordIdentifier>
			<recordPosition>31</recordPosition>
		</record>