
		<record>
			<recordSchema>marcxml</recordSchema>
			<recordPacking>xml</recordPacking>
			<recordData>
				<record xmlns="http://www.loc.gov/MARC21/slim">
					<leader>02963cam a2200469Mu 4500</leader>
					<controlfield tag="001">9911351034805506</controlfield>
					<controlfield tag="005">20230124195741.0</controlfield>
					<controlfield tag="006">m        d</controlfield>
					<controlfield tag="007">cr cnu---unuuu</controlfield>
					<controlfield tag="008">190907s2019    xx      o     000 0 eng d</controlfield>
					<datafield ind1=" " ind2=" " tag="020">
						<subfield code="a">1-315-65747-3</subfield>
					</datafield>
					<datafield ind1=" " ind2=" " tag="020">
						<subfield code="a">1-317-32815-9</subfield>
					</datafield>
					<datafield ind1=" " ind2=" " tag="020">
						<subfield code="a">1-317-32816-7</subfield>
					</datafield>
					<datafield ind1=" " ind2=" " tag="035">
						<subfield code="a">(CKB)4100000009152773</subfield>
					</datafield>
					<datafield ind1=" " ind2=" " tag="035">
						<subfield code="a">(MiAaPQ)EBC5888468</subfield>
					</datafield>
					<datafield ind1=" " ind2=" " tag="035">
						<subfield code="a">(OCoLC)1117640085</subfield>
						<subfield code="z">(OCoLC)1117462218</subfield>
						<subfield code="z">(OCoLC)1117901248</subfield>
					</datafield>
					<datafield ind1=" " ind2=" " tag="035">
						<subfield code="a">(OCoLC-P)1117640085</subfield>
					</datafield>
					<datafield ind1=" " ind2=" " tag="035">
						<subfield code="a">(FlBoTFG)9781315657479</subfield>
					</datafield>
					<datafield ind1=" " ind2=" " tag="035">
						<subfield code="a">(EXLCZ)994100000009152773</subfield>
					</datafield>
					<datafield ind1=" " ind2=" " tag="040">
						<subfield code="a">OCoLC-P</subfield>
						<subfield code="b">eng</subfield>
						<subfield code="c">OCoLC-P</subfield>
					</datafield>
					<datafield ind1=" " ind2=" " tag="043">
						<subfield code="a">e-ur---</subfield>
						<subfield code="a">a-cc---</subfield>
					</datafield>
					<datafield ind1=" " ind2="4" tag="050">
						<subfield code="a">DK68.7.C5</subfield>
						<subfield code="b">.E454 2020</subfield>
					</datafield>
					<datafield ind1=" " ind2="7" tag="072">
						<subfield code="a">SOC</subfield>
						<subfield code="x">043000</subfield>
						<subfield code="2">bisacsh</subfield>
					</datafield>
					<datafield ind1=" " ind2="7" tag="072">
						<subfield code="a">SOC</subfield>
						<subfield code="x">053000</subfield>
						<subfield code="2">bisacsh</subfield>
					</datafield>
					<datafield ind1=" " ind2="7" tag="072">
						<subfield code="a">HBJF</subfield>
						<subfield code="2">bicssc</subfield>
					</datafield>
					<datafield ind1="0" ind2=" " tag="082">
						<subfield code="a">327.47051</subfield>
						<subfield code="2">23</subfield>
					</datafield>
					<datafield ind1="1" ind2=" " tag="100">
						<subfield code="a">Elleman, Bruce A.,</subfield>
						<subfield code="d">1959-</subfield>
					</datafield>
					<datafield ind1="1" ind2="0" tag="245">
						<subfield code="a">International Rivalry and Secret Diplomacy in East Asia, 1896-1950</subfield>
						<subfield code="h">[electronic resource].</subfield>
					</datafield>
					<datafield ind1=" " ind2=" " tag="260">
						<subfield code="a">Milton :</subfield>
						<subfield code="b">Routledge,</subfield>
						<subfield code="c">2019.</subfield>
					</datafield>
					<datafield ind1=" " ind2=" " tag="300">
						<subfield code="a">1 online resource (289 pages).</subfield>
					</datafield>
					<datafield ind1=" " ind2=" " tag="336">
						<subfield code="a">text</subfield>
						<subfield code="b">txt</subfield>
						<subfield code="2">rdacontent</subfield>
					</datafield>
					<datafield ind1=" " ind2=" " tag="337">
						<subfield code="a">computer</subfield>
						<subfield code="b">c</subfield>
						<subfield code="2">rdamedia</subfield>
					</datafield>
					<datafield ind1=" " ind2=" " tag="338">
						<subfield code="a">online resource</subfield>
						<subfield code="b">cr</subfield>
						<subfield code="2">rdacarrier</subfield>
					</datafield>
					<datafield ind1="1" ind2=" " tag="490">
						<subfield code="a">Routledge studies in the modern history of Asia</subfield>
					</datafield>
					<datafield ind1=" " ind2=" " tag="588">
						<subfield code="a">Description based on print version record.</subfield>
					</datafield>
					<datafield ind1=" " ind2=" " tag="500">
						<subfield code="a">Description based upon print version of record.</subfield>
					</datafield>
					<datafield ind1=" " ind2=" " tag="520">
						<subfield code="a">East Asia was a major focus of struggle between the United States and the Soviet Union during the Cold War of 1945 to 1991, with multiple "hot" and "cold" conflicts in China, Korea, and Vietnam. The struggle for predominance in East Asia, however, largely predated the Cold War, as this book shows, with many examples of the United States and Russia/the Soviet Union working to exercise and increase control in the region. The book focuses on secret treaties,26 of them, signed from the mid-1890s through 1950, when secret agreements between China and the USSR, including several concerning the Chinese Eastern Railway, gave Russia greater control over Manchuria and Outer Mongolia. One of the most important was negotiated in 1945, when Stalin signed the Sino-Soviet Friendship Treaty with Chiang Kai-shek and the Chinese Nationalists, that included a secret protocol granting the Soviet Navy sea control over the Manchurian littorals. This secret protocol excluded theUS Navy from landing Nationalist troops at the major Manchurian ports, thereby guaranteeing the Chinese Communist victory in Northeast China; from Manchuria, the Chinese Communists quickly spread south to take all of Mainland China. To a large degree, therefore, this formerly undiscussed secret diplomacy set the underlying conditions for the Cold War in East Asia.</subfield>
					</datafield>
					<datafield ind1=" " ind2="0" tag="651">
						<subfield code="a">Soviet Union</subfield>
						<subfield code="x">Foreign relations</subfield>
						<subfield code="z">China.</subfield>
					</datafield>
					<datafield ind1=" " ind2="0" tag="651">
						<subfield code="a">China</subfield>
						<subfield code="x">Foreign relations</subfield>
						<subfield code="z">Soviet Union.</subfield>
					</datafield>
					<datafield ind1=" " ind2="7" tag="650">
						<subfield code="a">SOCIAL SCIENCE / Ethnic Studies / Asian American Studies</subfield>
						<subfield code="2">bisacsh</subfield>
					</datafield>
					<datafield ind1=" " ind2=" " tag="776">
						<subfield code="z">1-138-10077-3</subfield>
					</datafield>
					<datafield ind1=" " ind2="0" tag="830">
						<subfield code="a">Routledge studies in the modern history of Asia.</subfield>
					</datafield>
					<datafield ind1=" " ind2=" " tag="906">
						<subfield code="a">BOOK</subfield>
					</datafield>
					<datafield ind1=" " ind2=" " tag="AVE">
						<subfield code="8">5390352520005506</subfield>
						<subfield code="c">6176611040005506</subfield>
						<subfield code="e">Available</subfield>
						<subfield code="m">Taylor &amp; Francis eBooks EBS</subfield>
						<subfield code="a">41SLSP_HSG</subfield>
						<subfield code="0">9911351034805506</subfield>
					</datafield>
				</record>
			</recordData>
			<recordIdentifier>9911351034805506</recordIdentifier>
			<recordPosition>32</recordPosition>
		</record>