
		<record>
			<recordSchema>marcxml</recordSchema>
			<recordPacking>xml</recordPacking>
			<recordData>
				<record xmlns="http://www.loc.gov/MARC21/slim">
					<leader>03280nam a22005775i 4500</leader>
					<controlfield tag="001">9911390001805506</controlfield>
					<controlfield tag="005">20230328034538.0</controlfield>
					<controlfield tag="006">m     o  d |</controlfield>
					<controlfield tag="007">cr cnu||||||||</controlfield>
					<controlfield tag="008">230328s2023    sz |    o    |||| 0|eng d</controlfield>
					<datafield ind1=" " ind2=" " tag="020">
						<subfield code="a">9783031281617</subfield>
						<subfield code="q">(electronic bk.)</subfield>
					</datafield>
					<datafield ind1=" " ind2=" " tag="020">
						<subfield code="z">9783031281600</subfield>
					</datafield>
					<datafield ind1="7" ind2=" " tag="024">
						<subfield code="a">10.1007/978-3-031-28161-7</subfield>
						<subfield code="2">doi</subfield>
					</datafield>
					<datafield ind1=" " ind2=" " tag="035">
						<subfield code="a">(MiAaPQ)EBC7220698</subfield>
					</datafield>
					<datafield ind1=" " ind2=" " tag="035">
						<subfield code="a">(Au-PeEL)EBL7220698</subfield>
					</datafield>
					<datafield ind1=" " ind2=" " tag="035">
						<subfield code="a">(OCoLC)1374428274</subfield>
					</datafield>
					<datafield ind1=" " ind2=" " tag="035">
						<subfield code="a">(DE-He213)978-3-031-28161-7</subfield>
					</datafield>
					<datafield ind1=" " ind2=" " tag="035">
						<subfield code="a">(PPN)269098585</subfield>
					</datafield>
					<datafield ind1=" " ind2=" " tag="035">
						<subfield code="a">(EXLCZ)9926347422000041</subfield>
					</datafield>
					<datafield ind1=" " ind2=" " tag="040">
						<subfield code="a">MiAaPQ</subfield>
						<subfield code="b">eng</subfield>
						<subfield code="e">rda</subfield>
						<subfield code="e">pn</subfield>
						<subfield code="c">MiAaPQ</subfield>
						<subfield code="d">MiAaPQ</subfield>
					</datafield>
					<datafield ind1=" " ind2="4" tag="050">
						<subfield code="a">QA268</subfield>
					</datafield>
					<datafield ind1=" " ind2="7" tag="072">
						<subfield code="a">GPJ</subfield>
						<subfield code="2">bicssc</subfield>
					</datafield>
					<datafield ind1=" " ind2="7" tag="072">
						<subfield code="a">URY</subfield>
						<subfield code="2">bicssc</subfield>
					</datafield>
					<datafield ind1=" " ind2="7" tag="072">
						<subfield code="a">COM053000</subfield>
						<subfield code="2">bisacsh</subfield>
					</datafield>
					<datafield ind1=" " ind2="7" tag="072">
						<subfield code="a">GPJ</subfield>
						<subfield code="2">thema</subfield>
					</datafield>
					<datafield ind1=" " ind2="7" tag="072">
						<subfield code="a">URY</subfield>
						<subfield code="2">thema</subfield>
					</datafield>
					<datafield ind1="0" ind2=" " tag="082">
						<subfield code="a">005.8</subfield>
					</datafield>
					<datafield ind1="1" ind2=" " tag="100">
						<subfield code="a">Krenn, Stephan.</subfield>
					</datafield>
					<datafield ind1="1" ind2="3" tag="245">
						<subfield code="a">An Introduction to Secret Sharing</subfield>
						<subfield code="h">[electronic resource] :</subfield>
						<subfield code="b">A Systematic Overview and Guide for Protocol Selection /</subfield>
						<subfield code="c">by Stephan Krenn, Thomas Lorünser.</subfield>
					</datafield>
					<datafield ind1=" " ind2=" " tag="250">
						<subfield code="a">1st ed. 2023.</subfield>
					</datafield>
					<datafield ind1=" " ind2="1" tag="264">
						<subfield code="a">Cham :</subfield>
						<subfield code="b">Springer International Publishing :</subfield>
						<subfield code="b">Imprint: Springer,</subfield>
						<subfield code="c">2023.</subfield>
					</datafield>
					<datafield ind1=" " ind2=" " tag="300">
						<subfield code="a">1 online resource (81 pages)</subfield>
					</datafield>
					<datafield ind1=" " ind2=" " tag="336">
						<subfield code="a">text</subfield>
						<subfield code="b">txt</subfield>
						<subfield code="2">rdacontent</subfield>
					</datafield>
					<datafield ind1=" " ind2=" " tag="337">
						<subfield code="a">computer</subfield>
						<subfield code="b">c</subfield>
						<subfield code="2">rdamedia</subfield>
					</datafield>
					<datafield ind1=" " ind2=" " tag="338">
						<subfield code="a">online resource</subfield>
						<subfield code="b">cr</subfield>
						<subfield code="2">rdacarrier</subfield>
					</datafield>
					<datafield ind1="1" ind2=" " tag="490">
						<subfield code="a">SpringerBriefs in Information Security and Cryptography,</subfield>
						<subfield code="x">2731-9563</subfield>
					</datafield>
					<datafield ind1=" " ind2=" " tag="520">
						<subfield code="a">This book provides an introduction to secret sharing, a key technology for practical applications and higher-level cryptographic protocols. This survey analyzes existing work, and systematically presents secret sharing protocols for various adversary models. It provides intuitive as well as formal descriptions of the different types of adversaries, including their computational powers and capabilities. In addition, it then offers guidance and support in selecting the appropriate type of protocol for a given application domain, present representative protocols, and provide useful references for further reading and research. This book aims to support software developers and engineers in realizing highly secure cloud-based applications, and also provides an introduction to the field including some relevant technical background for interested students and computer scientists.</subfield>
					</datafield>
					<datafield ind1="0" ind2=" " tag="505">
						<subfield code="a">1 Introduction -- 2. Preliminaries -- 3. Adversary Model for Secret Sharing Schemes -- 4. Basic Secret Sharing -- 5. Beyond Threshold Access Structures -- 6. Robust Secret Sharing -- 7. Verifiable Secret Sharing -- 8. Proactive Secret Sharing -- 9. Advanced Topics -- 10. Conclusion.</subfield>
					</datafield>
					<datafield ind1=" " ind2="0" tag="650">
						<subfield code="a">Cryptography.</subfield>
					</datafield>
					<datafield ind1=" " ind2="0" tag="650">
						<subfield code="a">Data encryption (Computer science).</subfield>
					</datafield>
					<datafield ind1=" " ind2="0" tag="650">
						<subfield code="a">Data protection.</subfield>
					</datafield>
					<datafield ind1=" " ind2="0" tag="650">
						<subfield code="a">Cloud Computing.</subfield>
					</datafield>
					<datafield ind1=" " ind2="0" tag="650">
						<subfield code="a">Computer Networks.</subfield>
					</datafield>
					<datafield ind1="1" ind2="4" tag="650">
						<subfield code="a">Cryptology.</subfield>
					</datafield>
					<datafield ind1="2" ind2="4" tag="650">
						<subfield code="a">Data and Information Security.</subfield>
					</datafield>
					<datafield ind1="2" ind2="4" tag="650">
						<subfield code="a">Cloud Computing.</subfield>
					</datafield>
					<datafield ind1="2" ind2="4" tag="650">
						<subfield code="a">Computer Networks.</subfield>
					</datafield>
					<datafield ind1="1" ind2=" " tag="700">
						<subfield code="a">Lorünser, Thomas.</subfield>
					</datafield>
					<datafield ind1="0" ind2="8" tag="776">
						<subfield code="i">Print version:</subfield>
						<subfield code="a">Krenn, Stephan</subfield>
						<subfield code="t">An Introduction to Secret Sharing</subfield>
						<subfield code="d">Cham : Springer International Publishing AG,c2023</subfield>
						<subfield code="z">9783031281600</subfield>
					</datafield>
					<datafield ind1=" " ind2="0" tag="830">
						<subfield code="a">SpringerBriefs in Information Security and Cryptography,</subfield>
						<subfield code="x">2731-9563</subfield>
					</datafield>
					<datafield ind1=" " ind2=" " tag="AVE">
						<subfield code="8">5395666970005506</subfield>
						<subfield code="c">6150260530005506</subfield>
						<subfield code="e">Available</subfield>
						<subfield code="m">SpringerLink Books</subfield>
						<subfield code="t">SpringerLink - AutoHoldings</subfield>
						<subfield code="a">41SLSP_HSG</subfield>
						<subfield code="0">9911390001805506</subfield>
					</datafield>
				</record>
			</recordData>
			<recordIdentifier>9911390001805506</recordIdentifier>
			<recordPosition>33</recordPosition>
		</record>