
		<record>
			<recordSchema>marcxml</recordSchema>
			<recordPacking>xml</recordPacking>
			<recordData>
				<record xmlns="http://www.loc.gov/MARC21/slim">
					<leader>04645nam a2200853 c 4500</leader>
					<controlfield tag="001">9910702350105506</controlfield>
					<controlfield tag="005">20230206111641.0</controlfield>
					<controlfield tag="008">201011s2019    xxk      b    001 0 eng|^</controlfield>
					<datafield ind1=" " ind2=" " tag="010">
						<subfield code="a">2018058444</subfield>
					</datafield>
					<datafield ind1=" " ind2=" " tag="015">
						<subfield code="a">GBB9C1794</subfield>
						<subfield code="2">bnb</subfield>
					</datafield>
					<datafield ind1="7" ind2=" " tag="016">
						<subfield code="a">019463434</subfield>
						<subfield code="2">Uk</subfield>
					</datafield>
					<datafield ind1=" " ind2=" " tag="020">
						<subfield code="a">9781108740470</subfield>
						<subfield code="q">paperback</subfield>
					</datafield>
					<datafield ind1=" " ind2=" " tag="020">
						<subfield code="z">9781108481229</subfield>
						<subfield code="q">hardcover</subfield>
						<subfield code="c">$99.99</subfield>
					</datafield>
					<datafield ind1=" " ind2=" " tag="035">
						<subfield code="a">(swissbib)219878617-41slsp_network</subfield>
					</datafield>
					<datafield ind1=" " ind2=" " tag="035">
						<subfield code="a">219878617</subfield>
						<subfield code="9">ExL</subfield>
					</datafield>
					<datafield ind1=" " ind2=" " tag="035">
						<subfield code="a">(IDSLU)001372049ILU01</subfield>
					</datafield>
					<datafield ind1=" " ind2=" " tag="035">
						<subfield code="a">(IDSBB)007115789DSV01</subfield>
					</datafield>
					<datafield ind1=" " ind2=" " tag="035">
						<subfield code="a">(NEBIS)011463951EBI01</subfield>
					</datafield>
					<datafield ind1=" " ind2=" " tag="035">
						<subfield code="a">(IDSSG)001070235HSB01</subfield>
					</datafield>
					<datafield ind1=" " ind2=" " tag="035">
						<subfield code="a">(RERO)R009034361-41slsp</subfield>
					</datafield>
					<datafield ind1=" " ind2=" " tag="035">
						<subfield code="a">(OCoLC)1078953852</subfield>
					</datafield>
					<datafield ind1=" " ind2=" " tag="035">
						<subfield code="a">(EXLNZ-41SLSP_NETWORK)991095753789705501</subfield>
					</datafield>
					<datafield ind1=" " ind2=" " tag="040">
						<subfield code="a">SzZuIDS NEBIS ETH-BIB</subfield>
						<subfield code="b">ger</subfield>
						<subfield code="e">rda</subfield>
						<subfield code="d">CH-ZuSLS</subfield>
					</datafield>
					<datafield ind1=" " ind2=" " tag="042">
						<subfield code="a">pcc</subfield>
					</datafield>
					<datafield ind1="0" ind2="0" tag="050">
						<subfield code="a">K564.C6</subfield>
						<subfield code="b">S875 2019</subfield>
					</datafield>
					<datafield ind1=" " ind2="7" tag="072">
						<subfield code="a">140</subfield>
						<subfield code="2">IDS LU</subfield>
					</datafield>
					<datafield ind1=" " ind2="7" tag="072">
						<subfield code="a">dr</subfield>
						<subfield code="2">rero</subfield>
					</datafield>
					<datafield ind1="0" ind2="0" tag="082">
						<subfield code="a">343.09/944</subfield>
						<subfield code="2">23</subfield>
					</datafield>
					<datafield ind1="1" ind2="4" tag="082">
						<subfield code="a">004</subfield>
						<subfield code="2">15</subfield>
					</datafield>
					<datafield ind1="1" ind2="4" tag="082">
						<subfield code="a">340</subfield>
						<subfield code="2">15</subfield>
					</datafield>
					<datafield ind1="1" ind2="4" tag="082">
						<subfield code="a">300</subfield>
						<subfield code="2">15</subfield>
					</datafield>
					<datafield ind1="7" ind2="4" tag="082">
						<subfield code="a">340</subfield>
						<subfield code="2">23sdnb</subfield>
					</datafield>
					<datafield ind1=" " ind2=" " tag="084">
						<subfield code="a">MS 7965</subfield>
						<subfield code="2">rvk</subfield>
					</datafield>
					<datafield ind1=" " ind2=" " tag="084">
						<subfield code="a">A 52.3 h</subfield>
						<subfield code="2">cjurrom</subfield>
					</datafield>
					<datafield ind1="1" ind2=" " tag="100">
						<subfield code="a">Suzor, Nicolas P.</subfield>
						<subfield code="d">1981-</subfield>
						<subfield code="6">880-01</subfield>
						<subfield code="0">(DE-588)1194419887</subfield>
						<subfield code="e">Verfasser</subfield>
						<subfield code="4">aut</subfield>
					</datafield>
					<datafield ind1="1" ind2=" " tag="880">
						<subfield code="6">100-01/(B</subfield>
						<subfield code="a">Suzor, Nicolas P.</subfield>
						<subfield code="d">1981-....</subfield>
						<subfield code="0">(IDREF)250584492</subfield>
						<subfield code="4">aut</subfield>
					</datafield>
					<datafield ind1="1" ind2="0" tag="245">
						<subfield code="a">Lawless</subfield>
						<subfield code="b">the secret rules that govern our digital lives</subfield>
						<subfield code="c">Nicolas P. Suzor (Queensland University of Technology)</subfield>
					</datafield>
					<datafield ind1=" " ind2="1" tag="264">
						<subfield code="a">Cambridge</subfield>
						<subfield code="b">Cambridge University Press</subfield>
						<subfield code="c">[2019]</subfield>
					</datafield>
					<datafield ind1=" " ind2=" " tag="300">
						<subfield code="a">x, 210 Seiten</subfield>
						<subfield code="c">24 cm</subfield>
					</datafield>
					<datafield ind1=" " ind2=" " tag="336">
						<subfield code="b">txt</subfield>
						<subfield code="2">rdacontent</subfield>
					</datafield>
					<datafield ind1=" " ind2=" " tag="337">
						<subfield code="b">n</subfield>
						<subfield code="2">rdamedia</subfield>
					</datafield>
					<datafield ind1=" " ind2=" " tag="338">
						<subfield code="b">nc</subfield>
						<subfield code="2">rdacarrier</subfield>
					</datafield>
					<datafield ind1=" " ind2=" " tag="504">
						<subfield code="a">Includes bibliographical references and index</subfield>
					</datafield>
					<datafield ind1=" " ind2=" " tag="520">
						<subfield code="a">"Lawless is about the power that technology companies have over our lives and how we can develop a new constitutionalism to better protect our rights. Social media platforms, search engines, and other technology companies influence what we can see and say online. These giant companies govern our behavior online without real accountability, and they are at the centre of fierce battles between governments, lobby groups, the media, and grassroots campaigns from activists. Drawing on ten years of research, this book shows how our social lives, our news, and our information environments are shaped by a complex web of legal, technical, and social forces. This is a book about the future of our media and our shared social spaces. We are now at a constitutional moment--a time when we can all demand better from the companies that govern our lives. This book provides a guide to a new constitutionalism: real limits on power that protect human rights in a decentralized environment. Ultimately, it provides a comprehensive argument about how we should expect the governance of online social spaces to be more legitimate - and particularly, how we might develop new forms of due process for the algorithmic and human decision making systems that rule our digital lives"--</subfield>
						<subfield code="c">Provided by publisher</subfield>
					</datafield>
					<datafield ind1=" " ind2="7" tag="650">
						<subfield code="a">Datenschutz</subfield>
						<subfield code="0">(DE-588)4011134-9</subfield>
						<subfield code="2">gnd</subfield>
					</datafield>
					<datafield ind1=" " ind2="7" tag="650">
						<subfield code="a">Recht</subfield>
						<subfield code="0">(DE-588)4048737-4</subfield>
						<subfield code="2">gnd</subfield>
					</datafield>
					<datafield ind1=" " ind2="7" tag="650">
						<subfield code="a">Netzpolitik</subfield>
						<subfield code="0">(DE-588)1182361293</subfield>
						<subfield code="2">gnd</subfield>
					</datafield>
					<datafield ind1=" " ind2="7" tag="650">
						<subfield code="a">Privatsphäre</subfield>
						<subfield code="0">(DE-588)4123980-5</subfield>
						<subfield code="2">gnd</subfield>
					</datafield>
					<datafield ind1=" " ind2="7" tag="650">
						<subfield code="a">Informationstechnische Industrie</subfield>
						<subfield code="0">(DE-588)4528977-3</subfield>
						<subfield code="2">gnd</subfield>
					</datafield>
					<datafield ind1=" " ind2="7" tag="650">
						<subfield code="a">Copyright</subfield>
						<subfield code="2">fast</subfield>
					</datafield>
					<datafield ind1=" " ind2="7" tag="650">
						<subfield code="a">Internet governance</subfield>
						<subfield code="x">Law and legislation</subfield>
						<subfield code="2">fast</subfield>
					</datafield>
					<datafield ind1=" " ind2="7" tag="650">
						<subfield code="a">Internet</subfield>
						<subfield code="x">Law and legislation</subfield>
						<subfield code="2">fast</subfield>
					</datafield>
					<datafield ind1=" " ind2="7" tag="650">
						<subfield code="a">Privacy, Right of</subfield>
						<subfield code="2">fast</subfield>
					</datafield>
					<datafield ind1=" " ind2="7" tag="650">
						<subfield code="a">Social media</subfield>
						<subfield code="x">Law and legislation</subfield>
						<subfield code="2">fast</subfield>
					</datafield>
					<datafield ind1=" " ind2="7" tag="650">
						<subfield code="a">DIGITALISIERUNG (SOZIOLOGIE)</subfield>
						<subfield code="9">ger</subfield>
						<subfield code="0">(ETHUDK)000067678</subfield>
						<subfield code="2">ethudk</subfield>
					</datafield>
					<datafield ind1=" " ind2="7" tag="650">
						<subfield code="a">INTERNET + WORLD WIDE WEB (COMPUTERSYSTEME)</subfield>
						<subfield code="9">ger</subfield>
						<subfield code="0">(ETHUDK)000050802</subfield>
						<subfield code="2">ethudk</subfield>
					</datafield>
					<datafield ind1=" " ind2="7" tag="650">
						<subfield code="a">INTERNETRECHT (SPEZIELLE RECHTSZWEIGE)</subfield>
						<subfield code="9">ger</subfield>
						<subfield code="0">(ETHUDK)000063719</subfield>
						<subfield code="2">ethudk</subfield>
					</datafield>
					<datafield ind1=" " ind2="7" tag="650">
						<subfield code="a">MENSCHENRECHTE + GRUNDRECHTE (STAATSRECHT)</subfield>
						<subfield code="9">ger</subfield>
						<subfield code="0">(ETHUDK)000011147</subfield>
						<subfield code="2">ethudk</subfield>
					</datafield>
					<datafield ind1=" " ind2="7" tag="650">
						<subfield code="a">URHEBERRECHT + AUTORENRECHTE</subfield>
						<subfield code="9">ger</subfield>
						<subfield code="0">(ETHUDK)000052849</subfield>
						<subfield code="2">ethudk</subfield>
					</datafield>
					<datafield ind1=" " ind2="7" tag="650">
						<subfield code="a">Internet</subfield>
						<subfield code="0">(DE-588)4308416-3</subfield>
						<subfield code="2">gnd</subfield>
					</datafield>
					<datafield ind1=" " ind2="7" tag="650">
						<subfield code="a">Social Media</subfield>
						<subfield code="0">(DE-588)4639271-3</subfield>
						<subfield code="2">gnd</subfield>
					</datafield>
					<datafield ind1=" " ind2="0" tag="650">
						<subfield code="a">Internet</subfield>
						<subfield code="x">Law and legislation</subfield>
					</datafield>
					<datafield ind1=" " ind2="0" tag="650">
						<subfield code="a">Internet governance</subfield>
						<subfield code="x">Law and legislation</subfield>
					</datafield>
					<datafield ind1=" " ind2="0" tag="650">
						<subfield code="a">Social media</subfield>
						<subfield code="x">Law and legislation</subfield>
					</datafield>
					<datafield ind1=" " ind2="0" tag="650">
						<subfield code="a">Copyright</subfield>
					</datafield>
					<datafield ind1=" " ind2="0" tag="650">
						<subfield code="a">Privacy, Right of</subfield>
					</datafield>
					<datafield ind1=" " ind2="0" tag="650">
						<subfield code="a">Civil rights</subfield>
					</datafield>
					<datafield ind1=" " ind2="7" tag="650">
						<subfield code="a">Medienrecht</subfield>
						<subfield code="0">(DE-588)4074661-6</subfield>
						<subfield code="2">gnd</subfield>
					</datafield>
					<datafield ind1=" " ind2="7" tag="650">
						<subfield code="a">Algorithmus</subfield>
						<subfield code="0">(DE-588)4001183-5</subfield>
						<subfield code="2">gnd</subfield>
					</datafield>
					<datafield ind1=" " ind2="7" tag="650">
						<subfield code="a">Medienpolitik</subfield>
						<subfield code="0">(DE-588)4074660-4</subfield>
						<subfield code="2">gnd</subfield>
					</datafield>
					<datafield ind1="0" ind2="8" tag="776">
						<subfield code="i">Erscheint auch als</subfield>
						<subfield code="n">Online-Ausgabe, e-Book</subfield>
						<subfield code="z">9781108666428</subfield>
					</datafield>
					<datafield ind1="4" ind2=" " tag="856">
						<subfield code="3">Titelblatt und Inhaltsverzeichnis</subfield>
						<subfield code="u">https://toc.library.ethz.ch/objects/pdf03/e01_978-1-108-74047-0_01.pdf</subfield>
						<subfield code="q">pdf</subfield>
					</datafield>
					<datafield ind1=" " ind2=" " tag="900">
						<subfield code="a">IDSDSStoppsignal FRED</subfield>
					</datafield>
					<datafield ind1=" " ind2=" " tag="900">
						<subfield code="a">REROnoselfmerge</subfield>
					</datafield>
					<datafield ind1=" " ind2=" " tag="949">
						<subfield code="a">https://toc.library.ethz.ch/objects/pdf03/e01_978-1-108-74047-0_01.pdf</subfield>
					</datafield>
					<datafield ind1=" " ind2=" " tag="AVA">
						<subfield code="0">9910702350105506</subfield>
						<subfield code="8">2238686820005506</subfield>
						<subfield code="a">41SLSP_HSG</subfield>
						<subfield code="b">HSG</subfield>
						<subfield code="c">Basement</subfield>
						<subfield code="d">AP 15960 S968</subfield>
						<subfield code="e">available</subfield>
						<subfield code="f">1</subfield>
						<subfield code="g">0</subfield>
						<subfield code="j">UG</subfield>
						<subfield code="k">4</subfield>
						<subfield code="p">1</subfield>
						<subfield code="q">HSG</subfield>
					</datafield>
				</record>
			</recordData>
			<recordIdentifier>9910702350105506</recordIdentifier>
			<recordPosition>37</recordPosition>
		</record>