
		<record>
			<recordSchema>marcxml</recordSchema>
			<recordPacking>xml</recordPacking>
			<recordData>
				<record xmlns="http://www.loc.gov/MARC21/slim">
					<leader>03093cam  22028093u 4500</leader>
					<controlfield tag="001">9911247732205506</controlfield>
					<controlfield tag="008">220128s2018||||||||||||o|||||||||||fresd</controlfield>
					<datafield ind1=" " ind2=" " tag="035">
						<subfield code="a">(CKB)5410000000480723</subfield>
					</datafield>
					<datafield ind1=" " ind2=" " tag="035">
						<subfield code="a">(UtSlPG)56997</subfield>
					</datafield>
					<datafield ind1=" " ind2=" " tag="035">
						<subfield code="a">(EXLCZ)995410000000480723</subfield>
					</datafield>
					<datafield ind1=" " ind2=" " tag="040">
						<subfield code="a">UtSlPG</subfield>
						<subfield code="b">eng</subfield>
						<subfield code="c">IL-JeEL</subfield>
					</datafield>
					<datafield ind1=" " ind2=" " tag="041">
						<subfield code="a">fre</subfield>
					</datafield>
					<datafield ind1=" " ind2=" " tag="100">
						<subfield code="a">Cocteau, Jean</subfield>
						<subfield code="d">1889-1963</subfield>
						<subfield code="e">Author</subfield>
					</datafield>
					<datafield ind1="1" ind2="0" tag="245">
						<subfield code="a">Le Secret professionnel</subfield>
					</datafield>
					<datafield ind1=" " ind2=" " tag="260">
						<subfield code="b">Project Gutenberg</subfield>
					</datafield>
					<datafield ind1=" " ind2=" " tag="542">
						<subfield code="f">Public domain in the USA.</subfield>
						<subfield code="k">Project Gutenberg</subfield>
						<subfield code="i">2018-04-18</subfield>
					</datafield>
					<datafield ind1="#" ind2="7" tag="655">
						<subfield code="a">FR Littérature</subfield>
					</datafield>
					<datafield ind1=" " ind2=" " tag="700">
						<subfield code="a">Picasso, Pablo</subfield>
						<subfield code="d">1881-1973</subfield>
						<subfield code="e">Illustrator</subfield>
					</datafield>
					<datafield ind1=" " ind2=" " tag="906">
						<subfield code="a">BOOK</subfield>
					</datafield>
					<datafield ind1=" " ind2=" " tag="AVE">
						<subfield code="8">5379341030005506</subfield>
						<subfield code="c">6165459860005506</subfield>
						<subfield code="e">Available</subfield>
						<subfield code="m">Project Gutenberg Online Catalog</subfield>
						<subfield code="t">Project Gutenberg</subfield>
						<subfield code="a">41SLSP_HSG</subfield>
						<subfield code="0">9911247732205506</subfield>
					</datafield>
				</record>
			</recordData>
			<recordIdentifier>9911247732205506</recordIdentifier>
			<recordPosition>38</recordPosition>
		</record>