
		<record>
			<recordSchema>marcxml</recordSchema>
			<recordPacking>xml</recordPacking>
			<recordData>
				<record xmlns="http://www.loc.gov/MARC21/slim">
					<leader>04818cam a2200337Ii 4500</leader>
					<controlfield tag="001">9911350254505506</controlfield>
					<controlfield tag="005">20210920122933.0</controlfield>
					<controlfield tag="006">m     o  d |</controlfield>
					<controlfield tag="007">cr#cnu||||||||</controlfield>
					<controlfield tag="008">180706s2018    enka    ob    001 0 eng d</controlfield>
					<datafield ind1=" " ind2=" " tag="020">
						<subfield code="a">0-367-88408-9</subfield>
					</datafield>
					<datafield ind1=" " ind2=" " tag="020">
						<subfield code="a">1-351-65942-1</subfield>
					</datafield>
					<datafield ind1=" " ind2=" " tag="020">
						<subfield code="a">1-315-15939-2</subfield>
					</datafield>
					<datafield ind1="7" ind2=" " tag="024">
						<subfield code="a">10.4324/9781315159393</subfield>
						<subfield code="2">doi</subfield>
					</datafield>
					<datafield ind1=" " ind2=" " tag="035">
						<subfield code="a">(CKB)3340000000003251</subfield>
					</datafield>
					<datafield ind1=" " ind2=" " tag="035">
						<subfield code="a">(MiAaPQ)EBC5043507</subfield>
					</datafield>
					<datafield ind1=" " ind2=" " tag="035">
						<subfield code="a">(OCoLC)994397991</subfield>
					</datafield>
					<datafield ind1=" " ind2=" " tag="035">
						<subfield code="a">(EXLCZ)993340000000003251</subfield>
					</datafield>
					<datafield ind1=" " ind2=" " tag="040">
						<subfield code="a">FlBoTFG</subfield>
						<subfield code="c">FlBoTFG</subfield>
						<subfield code="e">rda</subfield>
					</datafield>
					<datafield ind1=" " ind2="4" tag="050">
						<subfield code="a">AM141</subfield>
						<subfield code="b">.M874 2018</subfield>
					</datafield>
					<datafield ind1="0" ind2=" " tag="082">
						<subfield code="a">069.53</subfield>
						<subfield code="2">23</subfield>
					</datafield>
					<datafield ind1="0" ind2="0" tag="245">
						<subfield code="a">Museum Storage and Meaning :</subfield>
						<subfield code="b">Tales from the Crypt /</subfield>
						<subfield code="c">edited by Mirjam Brusius and Kavita Singh.</subfield>
					</datafield>
					<datafield ind1=" " ind2="1" tag="264">
						<subfield code="a">London :</subfield>
						<subfield code="b">Taylor and Francis,</subfield>
						<subfield code="c">2018.</subfield>
					</datafield>
					<datafield ind1=" " ind2=" " tag="300">
						<subfield code="a">1 online resource (307 pages).</subfield>
					</datafield>
					<datafield ind1=" " ind2=" " tag="336">
						<subfield code="a">text</subfield>
						<subfield code="b">txt</subfield>
						<subfield code="2">rdacontent</subfield>
					</datafield>
					<datafield ind1=" " ind2=" " tag="337">
						<subfield code="a">computer</subfield>
						<subfield code="b">c</subfield>
						<subfield code="2">rdamedia</subfield>
					</datafield>
					<datafield ind1=" " ind2=" " tag="338">
						<subfield code="a">online resource</subfield>
						<subfield code="b">cr</subfield>
						<subfield code="2">rdacarrier</subfield>
					</datafield>
					<datafield ind1="1" ind2=" " tag="490">
						<subfield code="a">Routledge Research in Museum Studies ;</subfield>
						<subfield code="v">14</subfield>
					</datafield>
					<datafield ind1=" " ind2=" " tag="504">
						<subfield code="a">Includes bibliographical references and index.</subfield>
					</datafield>
					<datafield ind1=" " ind2=" " tag="588">
						<subfield code="a">Description based on online resource; title from PDF title page (ebrary, viewed October 13, 2017).</subfield>
					</datafield>
					<datafield ind1="0" ind2="0" tag="505">
						<subfield code="t">chapter 1 Introduction /</subfield>
						<subfield code="r">MIRJAM BRUSIUS --</subfield>
						<subfield code="t">part PART I Visible and visitable storage --</subfield>
						<subfield code="t">chapter 2 Performances of museum storage /</subfield>
						<subfield code="r">JAMES DELBOURGO --</subfield>
						<subfield code="t">chapter 3 Visible storage, visible labour? /</subfield>
						<subfield code="r">NICKY REEVES --</subfield>
						<subfield code="t">chapter 4 Serendipity, transparency, and wonder: the value of visitable storage /</subfield>
						<subfield code="r">SARAH BOND --</subfield>
						<subfield code="t">chapter 5 Richard Ovenden, Bodley’s Librarian, in conversation with INTERVIEW /</subfield>
						<subfield code="r">Mirjam Brusius --</subfield>
						<subfield code="t">chapter 6 To store is to save: Kenneth C. Murray and the founding of the Nigerian Museum, Lagos /</subfield>
						<subfield code="r">AMANDA H. HELLMAN --</subfield>
						<subfield code="t">part PART II Spaces of storage, beyond display --</subfield>
						<subfield code="t">chapter 7 ‘Essential cure for dying museums’: Clarence S. Stein and study- storage /</subfield>
						<subfield code="r">BELINDA NEMEC --</subfield>
						<subfield code="t">chapter 8 ‘Storage’ and ‘display’: third world perspectives and practices /</subfield>
						<subfield code="r">UPINder SINGH --</subfield>
						<subfield code="t">chapter 9 Home from home: memory and history, families and museums /</subfield>
						<subfield code="r">CLAIRE WARRIOR --</subfield>
						<subfield code="t">chapter 10 Home storage: the treatments of domestic collections of aeronautica by the Science Museum and the National Air and Space Museum /</subfield>
						<subfield code="r">CAITLIN DOHERTY --</subfield>
						<subfield code="t">chapter 11 Preserving preservation: maintaining meaning in museum storage /</subfield>
						<subfield code="r">WENDY M. K. SHAW --</subfield>
						<subfield code="t">part PART III In and out of view: changing fortunes of objects --</subfield>
						<subfield code="t">chapter 12 Hidden histories: museum taxidermy rediscovered /</subfield>
						<subfield code="r">JOHN M. SANderS --</subfield>
						<subfield code="t">chapter 13 The animals went in two by two: shifts in the classification and display of taxidermy in the seen and unseen spaces of public museums /</subfield>
						<subfield code="r">EBONY ANDREWS --</subfield>
						<subfield code="t">chapter 14 Museum utopia for the twenty- first century: an ‘odd and impractical little dream’ /</subfield>
						<subfield code="r">MICHAEL CONFORTI --</subfield>
						<subfield code="t">chapter 15 Upstairs, downstairs: the National Gallery’s dual collections /</subfield>
						<subfield code="r">SUSANNA AVERY - QUASH AND ALAN CROOKHAM --</subfield>
						<subfield code="t">chapter 16 The double life of ‘oriental’ textiles at the Byzantine and Christian Museum, Athens: interpreting the storage and displayability of Ottoman fabrics in twentieth- century Greece /</subfield>
						<subfield code="r">NIKOLAOS VRYZIDIS --</subfield>
						<subfield code="t">part PART IV Politics of awkwardness, anxiety and taboo --</subfield>
						<subfield code="t">chapter 17 Lying in wait: inertia and latency in the collection /</subfield>
						<subfield code="r">ALICE STEVENSON --</subfield>
						<subfield code="t">chapter 18 Clothing, care and compromise: a case study of the storage of the Hodson Shop Collection, 1983–2015 /</subfield>
						<subfield code="r">JENNY GILBERT - EVANS --</subfield>
						<subfield code="t">chapter 19 Loose bodies: reserve collections, curatorial reservations, and the ancient Egyptian dead /</subfield>
						<subfield code="r">CHRISTINA RIGGS --</subfield>
						<subfield code="t">chapter 20 The secret art of the Bambui Royal Treasury, Western Grassfields, Cameroon /</subfield>
						<subfield code="r">MATHIAS ALUBAFI FUBAH --</subfield>
						<subfield code="t">chapter 21 Remnants of past lives – storing archaeological stuff /</subfield>
						<subfield code="r">MORAG M. KERSEL.</subfield>
					</datafield>
					<datafield ind1=" " ind2=" " tag="520">
						<subfield code="a">Beyond their often beautiful exhibition halls, many museums contain vast, hidden spaces in which objects may be stored, conserved, or processed. Museums can also include unseen archives, study rooms, and libraries which are inaccessible to the public. This collection of essays focuses on this domain, an area that has hitherto received little attention. Divided into four sections, the book critically examines the physical space of museum storage areas, the fluctuating historical fortunes of exhibits, the growing phenomenon of publicly visible storage, and the politics of objects deemed worthy of collection but unsuitable for display. In doing so, it explores issues including the relationship between storage and canonization, the politics of collecting, the use of museum storage as a form of censorship, the architectural character of storage space, and the economic and epistemic value of museum objects. Essay contributions come from a broad combination of museum directors, curators, archaeologists, historians, and other academics.</subfield>
					</datafield>
					<datafield ind1=" " ind2="0" tag="650">
						<subfield code="a">Museums</subfield>
						<subfield code="x">Collection management.</subfield>
					</datafield>
					<datafield ind1=" " ind2="0" tag="650">
						<subfield code="a">Museum storage facilities.</subfield>
					</datafield>
					<datafield ind1=" " ind2="0" tag="650">
						<subfield code="a">Museum conservation methods.</subfield>
					</datafield>
					<datafield ind1=" " ind2="0" tag="650">
						<subfield code="a">Museums.</subfield>
					</datafield>
					<datafield ind1=" " ind2="4" tag="655">
						<subfield code="a">Electronic books.</subfield>
					</datafield>
					<datafield ind1=" " ind2=" " tag="776">
						<subfield code="z">1-138-06597-8</subfield>
					</datafield>
					<datafield ind1=" " ind2=" " tag="776">
						<subfield code="z">1-351-65943-X</subfield>
					</datafield>
					<datafield ind1="1" ind2=" " tag="700">
						<subfield code="a">Brusius, Mirjam,</subfield>
						<subfield code="e">editor.</subfield>
					</datafield>
					<datafield ind1="1" ind2=" " tag="700">
						<subfield code="a">Singh, Kavita,</subfield>
						<subfield code="e">editor.</subfield>
					</datafield>
					<datafield ind1=" " ind2="0" tag="830">
						<subfield code="a">Routledge research in museum studies ;</subfield>
						<subfield code="v">14.</subfield>
					</datafield>
					<datafield ind1=" " ind2=" " tag="906">
						<subfield code="a">BOOK</subfield>
					</datafield>
					<datafield ind1=" " ind2=" " tag="AVE">
						<subfield code="8">5390293830005506</subfield>
						<subfield code="c">6176611040005506</subfield>
						<subfield code="e">Available</subfield>
						<subfield code="m">Taylor &amp; Francis eBooks EBS</subfield>
						<subfield code="a">41SLSP_HSG</subfield>
						<subfield code="0">9911350254505506</subfield>
					</datafield>
				</record>
			</recordData>
			<recordIdentifier>9911350254505506</recordIdentifier>
			<recordPosition>40</recordPosition>
		</record>