
		<record>
			<recordSchema>marcxml</recordSchema>
			<recordPacking>xml</recordPacking>
			<recordData>
				<record xmlns="http://www.loc.gov/MARC21/slim">
					<leader>03666nam a2200445Ii 4500</leader>
					<controlfield tag="001">9911350782705506</controlfield>
					<controlfield tag="005">20221024112845.0</controlfield>
					<controlfield tag="006">m     o  d</controlfield>
					<controlfield tag="007">cr############</controlfield>
					<controlfield tag="008">181112t20182019flu b   ob    001 0 eng d</controlfield>
					<datafield ind1=" " ind2=" " tag="020">
						<subfield code="a">1-315-19780-4</subfield>
					</datafield>
					<datafield ind1=" " ind2=" " tag="035">
						<subfield code="a">(CKB)4920000000019811</subfield>
					</datafield>
					<datafield ind1=" " ind2=" " tag="035">
						<subfield code="a">(MiAaPQ)EBC5583313</subfield>
					</datafield>
					<datafield ind1=" " ind2=" " tag="035">
						<subfield code="a">(OCoLC)1053623249</subfield>
					</datafield>
					<datafield ind1=" " ind2=" " tag="035">
						<subfield code="a">(FlBoTFG)9781315197807</subfield>
					</datafield>
					<datafield ind1=" " ind2=" " tag="035">
						<subfield code="a">(EXLCZ)994920000000019811</subfield>
					</datafield>
					<datafield ind1=" " ind2=" " tag="040">
						<subfield code="a">FlBoTFG</subfield>
						<subfield code="c">FlBoTFG</subfield>
						<subfield code="e">rda</subfield>
					</datafield>
					<datafield ind1="1" ind2=" " tag="041">
						<subfield code="a">eng</subfield>
					</datafield>
					<datafield ind1=" " ind2="4" tag="050">
						<subfield code="a">BL51</subfield>
						<subfield code="b">.C378 2019</subfield>
					</datafield>
					<datafield ind1=" " ind2="7" tag="072">
						<subfield code="a">PHI</subfield>
						<subfield code="x">022000</subfield>
						<subfield code="2">bisacsh</subfield>
					</datafield>
					<datafield ind1=" " ind2="7" tag="072">
						<subfield code="a">REL</subfield>
						<subfield code="x">000000</subfield>
						<subfield code="2">bisacsh</subfield>
					</datafield>
					<datafield ind1=" " ind2="7" tag="072">
						<subfield code="a">HRA</subfield>
						<subfield code="2">bicscc</subfield>
					</datafield>
					<datafield ind1="0" ind2=" " tag="082">
						<subfield code="a">210</subfield>
						<subfield code="2">23</subfield>
					</datafield>
					<datafield ind1="1" ind2=" " tag="100">
						<subfield code="a">Caputo, John,</subfield>
						<subfield code="e">author.</subfield>
					</datafield>
					<datafield ind1="1" ind2="0" tag="245">
						<subfield code="a">On Religion /</subfield>
						<subfield code="c">by John Caputo.</subfield>
					</datafield>
					<datafield ind1=" " ind2=" " tag="250">
						<subfield code="a">Second edition.</subfield>
					</datafield>
					<datafield ind1=" " ind2="1" tag="264">
						<subfield code="a">Boca Raton, FL :</subfield>
						<subfield code="b">Routledge,</subfield>
						<subfield code="c">[2018].</subfield>
					</datafield>
					<datafield ind1=" " ind2="4" tag="264">
						<subfield code="c">©2019.</subfield>
					</datafield>
					<datafield ind1=" " ind2=" " tag="300">
						<subfield code="a">1 online resource (xii, 217 pages)</subfield>
					</datafield>
					<datafield ind1=" " ind2=" " tag="336">
						<subfield code="a">text</subfield>
						<subfield code="b">txt</subfield>
						<subfield code="2">rdacontent</subfield>
					</datafield>
					<datafield ind1=" " ind2=" " tag="337">
						<subfield code="a">computer</subfield>
						<subfield code="b">c</subfield>
						<subfield code="2">rdamedia</subfield>
					</datafield>
					<datafield ind1=" " ind2=" " tag="338">
						<subfield code="a">online resource</subfield>
						<subfield code="b">cr</subfield>
						<subfield code="2">rdacarrier</subfield>
					</datafield>
					<datafield ind1=" " ind2=" " tag="504">
						<subfield code="a">Includes bibliographical references (pages 208-217) and index.</subfield>
					</datafield>
					<datafield ind1=" " ind2=" " tag="588">
						<subfield code="a">Description based on print version record.</subfield>
					</datafield>
					<datafield ind1=" " ind2=" " tag="530">
						<subfield code="a">Also available in print format.</subfield>
					</datafield>
					<datafield ind1="0" ind2="0" tag="505">
						<subfield code="t">Preface to the Second Edition --</subfield>
						<subfield code="t">--The Love of God One --</subfield>
						<subfield code="t">Religion is for Lovers --</subfield>
						<subfield code="t">The Impossible --</subfield>
						<subfield code="t">The Secret --</subfield>
						<subfield code="t">What do I Love When I Love My God? --</subfield>
						<subfield code="t">How the Secular World Became Post-Secular Two --</subfield>
						<subfield code="t">The Sacral Age --</subfield>
						<subfield code="t">Secularization --</subfield>
						<subfield code="t">Our Prophets: Kierkegaard and Nietzsche --</subfield>
						<subfield code="t">Desecularization: The Death of the Death of God --</subfield>
						<subfield code="t">Putting Religion in Its Place Three --</subfield>
						<subfield code="t">What is What? --</subfield>
						<subfield code="t">Why the Why? --</subfield>
						<subfield code="t">The Mystical Element in Life --</subfield>
						<subfield code="t">The Place of Religion --</subfield>
						<subfield code="t">Can There Be a Religion with Religion? Four --</subfield>
						<subfield code="t">Never Say "Only" a Symbol --</subfield>
						<subfield code="t">A God Before Whom We Can Sing and Dance --</subfield>
						<subfield code="t">Why is Religion So Violent? Five --</subfield>
						<subfield code="t">Impossible People --</subfield>
						<subfield code="t">Religious Violence --</subfield>
						<subfield code="t">Ban the Bible --</subfield>
						<subfield code="t">Ban the Unconditional --</subfield>
						<subfield code="t">Why Was Jesus Killed? --</subfield>
						<subfield code="t">The Hermeneutics of Love --</subfield>
						<subfield code="t">Cosmic Grace: World Without Why, Amen Six --</subfield>
						<subfield code="t">God is DeadOr Maybe Not So Fast --</subfield>
						<subfield code="t">Cosmo-Theology --</subfield>
						<subfield code="t">Panentheism or the Divine Milieu --</subfield>
						<subfield code="t">Not Your Great-Grandfathers Newtonianism --</subfield>
						<subfield code="t">The Post-Humans: Immaculate Electronic Conceptions, --</subfield>
						<subfield code="t">Virginally Virtual Births, Copy and Paste Resurrections --</subfield>
						<subfield code="t">Becoming Divine: The Electronic Tree of Life --</subfield>
						<subfield code="t">Cosmic Grace: World Without Why, Amen --</subfield>
						<subfield code="t">On Religion  Without Religion Seven --</subfield>
						<subfield code="t">Religious Truth/True Religion --</subfield>
						<subfield code="t">The Tragic Sense of Life --</subfield>
						<subfield code="t">The Faith of a Post-Modern --</subfield>
						<subfield code="t">Axioms of a Religion Without Religion --</subfield>
						<subfield code="t">Adieu --</subfield>
						<subfield code="t">Index.</subfield>
					</datafield>
					<datafield ind1="3" ind2=" " tag="520">
						<subfield code="a">In a thoroughly updated second edition of his popular and engaging book, John D. Caputo revisits Augustine’s ancient question "what do I love when I love my God?" and presses it into service in the post-modern world. Accessible but without compromising the big ideas, he raises the question of what religion means today in the face of widespread religious violence after 9/11, of spreading secularization, the dazzling discoveries of contemporary cosmology, and the eerie advent of the "post-human" world. All along sculpting the idea of a post-modern, post-secular "religion without religion," which turns on the "mystical element" of our lives, he wonders what the future of traditional religion will be, or whether it even has one.On Religion will fascinate anyone interested in the challenges religion faces in the contemporary world. It offers an ideal starting point from which undergraduate and postgraduate students, teachers, and lecturers can explore religion and philosophy today.</subfield>
					</datafield>
					<datafield ind1=" " ind2="0" tag="650">
						<subfield code="a">Religion</subfield>
						<subfield code="x">Philosophy.</subfield>
					</datafield>
					<datafield ind1=" " ind2="4" tag="655">
						<subfield code="a">Electronic books.</subfield>
					</datafield>
					<datafield ind1=" " ind2=" " tag="776">
						<subfield code="z">1-138-71488-7</subfield>
					</datafield>
					<datafield ind1=" " ind2=" " tag="906">
						<subfield code="a">BOOK</subfield>
					</datafield>
					<datafield ind1=" " ind2=" " tag="AVE">
						<subfield code="8">5390413050005506</subfield>
						<subfield code="c">6176611040005506</subfield>
						<subfield code="e">Available</subfield>
						<subfield code="m">Taylor &amp; Francis eBooks EBS</subfield>
						<subfield code="a">41SLSP_HSG</subfield>
						<subfield code="0">9911350782705506</subfield>
					</datafield>
				</record>
			</recordData>
			<recordIdentifier>9911350782705506</recordIdentifier>
			<recordPosition>41</recordPosition>
		</record>