
		<record>
			<recordSchema>marcxml</recordSchema>
			<recordPacking>xml</recordPacking>
			<recordData>
				<record xmlns="http://www.loc.gov/MARC21/slim">
					<leader>04913nam a2200553 i 4500</leader>
					<controlfield tag="001">9911350348205506</controlfield>
					<controlfield tag="005">20230303224811.0</controlfield>
					<controlfield tag="006">m     o  d</controlfield>
					<controlfield tag="007">cr#bn#|||muaua</controlfield>
					<controlfield tag="008">220719s20222022nyuac   ob    001 0 eng^^</controlfield>
					<datafield ind1=" " ind2=" " tag="010">
						<subfield code="a">2021030187</subfield>
					</datafield>
					<datafield ind1=" " ind2=" " tag="020">
						<subfield code="a">1-00-304996-6</subfield>
					</datafield>
					<datafield ind1=" " ind2=" " tag="020">
						<subfield code="a">1-000-48059-3</subfield>
					</datafield>
					<datafield ind1=" " ind2=" " tag="020">
						<subfield code="a">1-003-04996-6</subfield>
					</datafield>
					<datafield ind1=" " ind2=" " tag="020">
						<subfield code="a">1-000-48063-1</subfield>
					</datafield>
					<datafield ind1="7" ind2=" " tag="024">
						<subfield code="a">10.4324/9781003049968</subfield>
						<subfield code="2">doi</subfield>
					</datafield>
					<datafield ind1=" " ind2=" " tag="035">
						<subfield code="a">(OCoLC)1259293366</subfield>
					</datafield>
					<datafield ind1=" " ind2=" " tag="035">
						<subfield code="a">(MiAaPQ)EBC6795731</subfield>
					</datafield>
					<datafield ind1=" " ind2=" " tag="035">
						<subfield code="a">(EXLCZ)994940000000617210</subfield>
					</datafield>
					<datafield ind1=" " ind2=" " tag="040">
						<subfield code="a">DLC</subfield>
						<subfield code="b">eng</subfield>
						<subfield code="e">rda</subfield>
						<subfield code="c">DLC</subfield>
						<subfield code="d">DLC</subfield>
						<subfield code="d">MiAaPQ</subfield>
						<subfield code="d">CaOWtU</subfield>
					</datafield>
					<datafield ind1="0" ind2="0" tag="050">
						<subfield code="a">BJ1500.N8</subfield>
					</datafield>
					<datafield ind1="1" ind2="0" tag="050">
						<subfield code="a">BJ1500.N8</subfield>
						<subfield code="b">.O5 2022</subfield>
					</datafield>
					<datafield ind1=" " ind2="7" tag="072">
						<subfield code="a">ART</subfield>
						<subfield code="x">050010</subfield>
						<subfield code="2">bisacsh</subfield>
					</datafield>
					<datafield ind1=" " ind2="7" tag="072">
						<subfield code="a">AC</subfield>
						<subfield code="2">bicssc</subfield>
					</datafield>
					<datafield ind1="0" ind2="0" tag="082">
						<subfield code="a">128/.6</subfield>
						<subfield code="2">23</subfield>
					</datafield>
					<datafield ind1="0" ind2="0" tag="245">
						<subfield code="a">On the nude :</subfield>
						<subfield code="b">looking anew at the naked body in art /</subfield>
						<subfield code="c">edited by Nicholas Chare and Ersy Contogouris.</subfield>
					</datafield>
					<datafield ind1="3" ind2="0" tag="246">
						<subfield code="a">Looking anew at the naked body in art</subfield>
					</datafield>
					<datafield ind1=" " ind2="1" tag="264">
						<subfield code="a">New York, NY ;</subfield>
						<subfield code="a">Abingdon, Oxon :</subfield>
						<subfield code="b">Routledge is an imprint of the Taylor &amp; Francis Group,</subfield>
						<subfield code="c">2022.</subfield>
					</datafield>
					<datafield ind1=" " ind2="4" tag="264">
						<subfield code="c">©2022.</subfield>
					</datafield>
					<datafield ind1=" " ind2=" " tag="300">
						<subfield code="a">1 online resource (xv, 263 pages) :</subfield>
						<subfield code="b">illustrations, portraits</subfield>
					</datafield>
					<datafield ind1=" " ind2=" " tag="336">
						<subfield code="a">text</subfield>
						<subfield code="b">txt</subfield>
						<subfield code="2">rdacontent</subfield>
					</datafield>
					<datafield ind1=" " ind2=" " tag="336">
						<subfield code="a">still image</subfield>
						<subfield code="b">sti</subfield>
						<subfield code="2">rdacontent</subfield>
					</datafield>
					<datafield ind1=" " ind2=" " tag="337">
						<subfield code="a">computer</subfield>
						<subfield code="b">c</subfield>
						<subfield code="2">rdamedia</subfield>
					</datafield>
					<datafield ind1=" " ind2=" " tag="338">
						<subfield code="a">online resource</subfield>
						<subfield code="b">cr</subfield>
						<subfield code="2">rdacarrier</subfield>
					</datafield>
					<datafield ind1="1" ind2=" " tag="490">
						<subfield code="a">Routledge Research in Gender and Art</subfield>
					</datafield>
					<datafield ind1=" " ind2=" " tag="504">
						<subfield code="a">Includes bibliographical references and index.</subfield>
					</datafield>
					<datafield ind1="0" ind2="0" tag="505">
						<subfield code="g">1.</subfield>
						<subfield code="t">On the Nude: Addressing Old and New Perspectives /</subfield>
						<subfield code="r">Nicholas Chare and Ersy Contogouris --</subfield>
						<subfield code="g">Part 1:</subfield>
						<subfield code="t">On Denuding --</subfield>
						<subfield code="g">2.</subfield>
						<subfield code="t">The Dagenham Idol: A Neolithic Wooden Figurine Denuded Nicholas Chare and Nathanael Price --</subfield>
						<subfield code="g">3.</subfield>
						<subfield code="t">Poking Out 'the Soft Part': The Raw and the Cooked Body in Peter Greenaway's The Cook, The Thief, His Wife and Her Lover /</subfield>
						<subfield code="r">Maria Margaroni --</subfield>
						<subfield code="g">4.</subfield>
						<subfield code="t">Discursive Blurring in Representations of Classical Rapes and Abductions /</subfield>
						<subfield code="r">Ersy Contogouris --</subfield>
						<subfield code="g">5.</subfield>
						<subfield code="t">Writing and Nudity: Nelly Arcan's and Vanessa Beecroft's Girls /</subfield>
						<subfield code="r">Martine Delvaux --</subfield>
						<subfield code="g">Part 2:</subfield>
						<subfield code="t">Body Politics and the Nude --</subfield>
						<subfield code="g">6.</subfield>
						<subfield code="t">Images of Solace: Looking beyond Violence in Cassils's Art /</subfield>
						<subfield code="r">I. Milan Cail --</subfield>
						<subfield code="g">7.</subfield>
						<subfield code="t">S[H]E: Black Body Politics and Gender /</subfield>
						<subfield code="r">Lisa E. Farrington --</subfield>
						<subfield code="g">8.</subfield>
						<subfield code="t">Un-shaming the Greenlandic Female Body: The Indigenous Nude in Performance Art /</subfield>
						<subfield code="r">Kirsten Thisted --</subfield>
						<subfield code="g">9.</subfield>
						<subfield code="t">Watching One's Back: Self-Portraits of Disabled Women's Backs as Provocative and Protective /</subfield>
						<subfield code="r">Ann Millett-Gallant --</subfield>
						<subfield code="g">Part 3:</subfield>
						<subfield code="t">Photography and the Nude --</subfield>
						<subfield code="g">10.</subfield>
						<subfield code="t">Nan Goldin's Sag Harbor Pictures /</subfield>
						<subfield code="r">Emma Wilson --</subfield>
						<subfield code="g">11.</subfield>
						<subfield code="t">Creating a Space and a (Visual) Language in the Work of Laura Aguilar /</subfield>
						<subfield code="r">Ann Marie Leimer --</subfield>
						<subfield code="g">12.</subfield>
						<subfield code="t">The Animal Nude: Pony Play and Deborah Bright's Being &amp; Riding /</subfield>
						<subfield code="r">Valérie Bienvenue and Nicholas Chare --</subfield>
						<subfield code="g">Part 4:</subfield>
						<subfield code="t">The Male Nude --</subfield>
						<subfield code="g">13.</subfield>
						<subfield code="t">Queeriosity: Does Hair Have a Gender? Around Del LaGrace Volcano, Daniela Comani, Katarzyna Kozyra, Ana Mendieta, and Cindy Sherman /</subfield>
						<subfield code="r">Frédérique Villemur --</subfield>
						<subfield code="g">14.</subfield>
						<subfield code="t">Art, Aesthetics, and Male Genitalia /</subfield>
						<subfield code="r">Richard Leppert --</subfield>
						<subfield code="g">15.</subfield>
						<subfield code="t">Imperfect Beauty: Nudity, Classicism, Race, and Homoerotic Desire in the Male Nudes of George Dureau /</subfield>
						<subfield code="r">James Smalls --</subfield>
						<subfield code="g">Part 5:</subfield>
						<subfield code="t">On Being Nude --</subfield>
						<subfield code="g">16.</subfield>
						<subfield code="t">A Short Story about a Big Healing (Extracts) /</subfield>
						<subfield code="r">Joanna Frueh --</subfield>
						<subfield code="g">17.</subfield>
						<subfield code="t">Looking beyond the Image: Cassils in Conversation with Nicholas Chare and Ersy Contogouris /</subfield>
						<subfield code="r">Cassils --</subfield>
						<subfield code="g">18.</subfield>
						<subfield code="t">Ways of Connecting with the Secret World behind the Life Model: Sarah R. Phillips in Conversation with Nicholas Chare and Ersy Contogouris /</subfield>
						<subfield code="r">Sarah R. Phillips --</subfield>
						<subfield code="g">19.</subfield>
						<subfield code="t">Notes Introducing '(Unfinished) Soliloquy of a Nude' /</subfield>
						<subfield code="r">Kathleen G. Williamson --</subfield>
						<subfield code="g">20.</subfield>
						<subfield code="t">(Unfinished) Soliloquy of a Nude /</subfield>
						<subfield code="r">Joanna Frueh.</subfield>
					</datafield>
					<datafield ind1=" " ind2=" " tag="520">
						<subfield code="a">"This book provides a timely reappraisal of one of the most enduring subjects in the history of art – the naked body.Beginning with reflections on what denuding entails and means, the volume then shifts to a consideration of body politics in the context of Black political empowerment, disability, and queer and Indigenous politics of representation. Themes including the animal nude, the male nude, and nudity in childhood are also considered. The final section examines the nude from the perspective of the artist and the artist’s model.The book will be of interest to scholars working in art history, comparative literature, cultural studies, gender studies, queer studies, screen studies, and trans studies."--</subfield>
						<subfield code="c">Provided by publisher.</subfield>
					</datafield>
					<datafield ind1=" " ind2=" " tag="588">
						<subfield code="a">Description based on print version record.</subfield>
					</datafield>
					<datafield ind1=" " ind2="0" tag="650">
						<subfield code="a">Nude in art.</subfield>
					</datafield>
					<datafield ind1=" " ind2="0" tag="650">
						<subfield code="a">Nudity.</subfield>
					</datafield>
					<datafield ind1="0" ind2="8" tag="776">
						<subfield code="i">Print version:</subfield>
						<subfield code="t">On the nude</subfield>
						<subfield code="d">New York, NY : Routledge is an imprint of the Taylor &amp; Francis Group, 2022</subfield>
						<subfield code="z">9780367504595</subfield>
						<subfield code="w">(DLC) 2021030186</subfield>
					</datafield>
					<datafield ind1="1" ind2=" " tag="700">
						<subfield code="a">Chare, Nicholas,</subfield>
						<subfield code="e">editor,</subfield>
						<subfield code="e">contributor.</subfield>
					</datafield>
					<datafield ind1="1" ind2=" " tag="700">
						<subfield code="a">Contogouris, Ersy,</subfield>
						<subfield code="d">1990-</subfield>
						<subfield code="e">editor,</subfield>
						<subfield code="e">contributor.</subfield>
					</datafield>
					<datafield ind1=" " ind2="0" tag="830">
						<subfield code="a">Routledge research in gender and art.</subfield>
					</datafield>
					<datafield ind1=" " ind2=" " tag="906">
						<subfield code="a">BOOK</subfield>
					</datafield>
					<datafield ind1=" " ind2=" " tag="AVE">
						<subfield code="8">5390447370005506</subfield>
						<subfield code="c">6176611040005506</subfield>
						<subfield code="e">Available</subfield>
						<subfield code="m">Taylor &amp; Francis eBooks EBS</subfield>
						<subfield code="a">41SLSP_HSG</subfield>
						<subfield code="0">9911350348205506</subfield>
					</datafield>
				</record>
			</recordData>
			<recordIdentifier>9911350348205506</recordIdentifier>
			<recordPosition>42</recordPosition>
		</record>