
		<record>
			<recordSchema>marcxml</recordSchema>
			<recordPacking>xml</recordPacking>
			<recordData>
				<record xmlns="http://www.loc.gov/MARC21/slim">
					<leader>03292nam a2200721 c 4500</leader>
					<controlfield tag="001">9911379472305506</controlfield>
					<controlfield tag="005">20230407192805.0</controlfield>
					<controlfield tag="008">200527s2021    sz a|||| c||| 00||||eng^^</controlfield>
					<datafield ind1=" " ind2=" " tag="015">
						<subfield code="a">20,N23</subfield>
						<subfield code="2">dnb</subfield>
					</datafield>
					<datafield ind1="7" ind2=" " tag="016">
						<subfield code="2">DE-101</subfield>
						<subfield code="a">1211018393</subfield>
					</datafield>
					<datafield ind1=" " ind2=" " tag="020">
						<subfield code="a">9783907262092</subfield>
						<subfield code="q">Festeinband</subfield>
						<subfield code="c">EUR 35.00 (DE), EUR 36.00 (AT), CHF 35.00 (freier Preis)</subfield>
					</datafield>
					<datafield ind1=" " ind2=" " tag="020">
						<subfield code="a">3907262093</subfield>
					</datafield>
					<datafield ind1=" " ind2=" " tag="035">
						<subfield code="a">(EXLNZ-41SLSP_NETWORK)991170627662505501</subfield>
					</datafield>
					<datafield ind1=" " ind2=" " tag="040">
						<subfield code="a">DE-101</subfield>
						<subfield code="b">ger</subfield>
						<subfield code="c">DE-101</subfield>
						<subfield code="e">rda</subfield>
						<subfield code="d">CH-ZuSLS RZS</subfield>
					</datafield>
					<datafield ind1="0" ind2=" " tag="041">
						<subfield code="a">eng</subfield>
						<subfield code="a">ger</subfield>
					</datafield>
					<datafield ind1=" " ind2=" " tag="044">
						<subfield code="c">XA-DE</subfield>
					</datafield>
					<datafield ind1=" " ind2="7" tag="072">
						<subfield code="a">630</subfield>
						<subfield code="2">IDS LU</subfield>
					</datafield>
					<datafield ind1="7" ind2="4" tag="082">
						<subfield code="a">290</subfield>
						<subfield code="2">23sdnb</subfield>
					</datafield>
					<datafield ind1="1" ind2="4" tag="082">
						<subfield code="a">296</subfield>
						<subfield code="2">23</subfield>
					</datafield>
					<datafield ind1="7" ind2="4" tag="082">
						<subfield code="a">940</subfield>
						<subfield code="2">23sdnb</subfield>
					</datafield>
					<datafield ind1="7" ind2="4" tag="082">
						<subfield code="a">949.4</subfield>
						<subfield code="2">23sdnb</subfield>
					</datafield>
					<datafield ind1=" " ind2=" " tag="084">
						<subfield code="a">BD 7020</subfield>
						<subfield code="2">rvk</subfield>
					</datafield>
					<datafield ind1=" " ind2=" " tag="084">
						<subfield code="a">NQ 3180</subfield>
						<subfield code="2">rvk</subfield>
					</datafield>
					<datafield ind1="0" ind2="0" tag="245">
						<subfield code="a">Pässe, Profiteure, Polizei, ein Schweizer Kriegsgeheimnis</subfield>
						<subfield code="b">= Passports, profiteers, police, a Swiss war secret</subfield>
						<subfield code="c">Naomi Lubrich ; Jüdisches Museum der Schweiz/Jewish Museum of Switzerland</subfield>
					</datafield>
					<datafield ind1="1" ind2="1" tag="246">
						<subfield code="a">Passports, profiteers, police, a Swiss war secret</subfield>
					</datafield>
					<datafield ind1=" " ind2="1" tag="264">
						<subfield code="a">[Biel/Bienne]</subfield>
						<subfield code="b">edition clandestin</subfield>
						<subfield code="c">[2021]</subfield>
					</datafield>
					<datafield ind1=" " ind2="4" tag="264">
						<subfield code="c">© 2021</subfield>
					</datafield>
					<datafield ind1=" " ind2=" " tag="300">
						<subfield code="a">219 Seiten</subfield>
						<subfield code="b">Illustrationen</subfield>
						<subfield code="c">24 cm</subfield>
					</datafield>
					<datafield ind1=" " ind2=" " tag="336">
						<subfield code="b">txt</subfield>
						<subfield code="2">rdacontent</subfield>
					</datafield>
					<datafield ind1=" " ind2=" " tag="336">
						<subfield code="b">sti</subfield>
						<subfield code="2">rdacontent</subfield>
					</datafield>
					<datafield ind1=" " ind2=" " tag="337">
						<subfield code="b">n</subfield>
						<subfield code="2">rdamedia</subfield>
					</datafield>
					<datafield ind1=" " ind2=" " tag="338">
						<subfield code="b">nc</subfield>
						<subfield code="2">rdacarrier</subfield>
					</datafield>
					<datafield ind1=" " ind2=" " tag="500">
						<subfield code="a">Die Publikation ist im Zusammenhang mit der gleichnamigen Ausstellung im Jüdischen Museum der Schweiz (28. November 2019-31. Dezember 2020) erschienen</subfield>
					</datafield>
					<datafield ind1=" " ind2=" " tag="546">
						<subfield code="a">Paralleltext in Deutsch und Englisch</subfield>
					</datafield>
					<datafield ind1=" " ind2="7" tag="650">
						<subfield code="a">GESCHICHTE</subfield>
						<subfield code="9">ger</subfield>
						<subfield code="0">(ETHUDK)000036805</subfield>
						<subfield code="2">ethudk</subfield>
					</datafield>
					<datafield ind1=" " ind2="7" tag="650">
						<subfield code="a">SCHWEIZ (MITTELEUROPA). SCHWEIZERISCHE EIDGENOSSENSCHAFT</subfield>
						<subfield code="9">ger</subfield>
						<subfield code="0">(ETHUDK)000004571</subfield>
						<subfield code="2">ethudk</subfield>
					</datafield>
					<datafield ind1=" " ind2="7" tag="650">
						<subfield code="a">WELTKRIEG, ZWEITER (1939-1945)</subfield>
						<subfield code="9">ger</subfield>
						<subfield code="0">(ETHUDK)000011816</subfield>
						<subfield code="2">ethudk</subfield>
					</datafield>
					<datafield ind1=" " ind2="7" tag="650">
						<subfield code="a">AUSWANDERER, FLÜCHTLINGE, VERTRIEBENE (POLITIK)</subfield>
						<subfield code="9">ger</subfield>
						<subfield code="0">(ETHUDK)000056007</subfield>
						<subfield code="2">ethudk</subfield>
					</datafield>
					<datafield ind1=" " ind2="7" tag="655">
						<subfield code="a">Catalogues d'exposition</subfield>
						<subfield code="0">(IDREF)027320456</subfield>
						<subfield code="2">idref</subfield>
					</datafield>
					<datafield ind1=" " ind2="7" tag="655">
						<subfield code="a">Cataloghi di esposizioni</subfield>
						<subfield code="2">sbt12-content</subfield>
					</datafield>
					<datafield ind1=" " ind2="7" tag="650">
						<subfield code="a">Juifs</subfield>
						<subfield code="0">(IDREF)02723570X</subfield>
						<subfield code="2">idref</subfield>
					</datafield>
					<datafield ind1=" " ind2="7" tag="650">
						<subfield code="a">Passages clandestins de frontières</subfield>
						<subfield code="0">(IDREF)148171443</subfield>
						<subfield code="2">idref</subfield>
					</datafield>
					<datafield ind1=" " ind2="7" tag="650">
						<subfield code="a">Shoah</subfield>
						<subfield code="0">(IDREF)027355950</subfield>
						<subfield code="2">idref</subfield>
					</datafield>
					<datafield ind1=" " ind2="7" tag="650">
						<subfield code="a">Guerre mondiale (1939-1945)</subfield>
						<subfield code="0">(IDREF)028047273</subfield>
						<subfield code="2">idref</subfield>
					</datafield>
					<datafield ind1=" " ind2="7" tag="651">
						<subfield code="a">Suisse</subfield>
						<subfield code="0">(IDREF)027249654</subfield>
						<subfield code="2">idref</subfield>
					</datafield>
					<datafield ind1=" " ind2="7" tag="655">
						<subfield code="a">Ausstellungskatalog</subfield>
						<subfield code="z">Basel</subfield>
						<subfield code="y">2022</subfield>
						<subfield code="2">gnd-content</subfield>
					</datafield>
					<datafield ind1=" " ind2="7" tag="648">
						<subfield code="a">Geschichte 1941-1944</subfield>
						<subfield code="2">gnd</subfield>
					</datafield>
					<datafield ind1=" " ind2="7" tag="650">
						<subfield code="a">Juden</subfield>
						<subfield code="2">gnd</subfield>
						<subfield code="0">(DE-588)4028808-0</subfield>
					</datafield>
					<datafield ind1=" " ind2="7" tag="650">
						<subfield code="a">Rettung</subfield>
						<subfield code="2">gnd</subfield>
						<subfield code="0">(DE-588)4231103-2</subfield>
					</datafield>
					<datafield ind1=" " ind2="7" tag="650">
						<subfield code="a">Pass</subfield>
						<subfield code="2">gnd</subfield>
						<subfield code="0">(DE-588)4049302-7</subfield>
					</datafield>
					<datafield ind1=" " ind2="7" tag="651">
						<subfield code="a">Deutschland</subfield>
						<subfield code="2">gnd</subfield>
						<subfield code="0">(DE-588)4011882-4</subfield>
					</datafield>
					<datafield ind1=" " ind2="7" tag="651">
						<subfield code="a">Schweiz</subfield>
						<subfield code="2">gnd</subfield>
						<subfield code="0">(DE-588)4053881-3</subfield>
					</datafield>
					<datafield ind1=" " ind2="7" tag="651">
						<subfield code="a">Lateinamerika</subfield>
						<subfield code="2">gnd</subfield>
						<subfield code="0">(DE-588)4074032-8</subfield>
					</datafield>
					<datafield ind1="1" ind2=" " tag="700">
						<subfield code="6">880-01</subfield>
						<subfield code="a">Lubrich, Naomi</subfield>
						<subfield code="d">1976-</subfield>
						<subfield code="4">aut</subfield>
						<subfield code="0">(DE-588)1066260648</subfield>
					</datafield>
					<datafield ind1="1" ind2=" " tag="880">
						<subfield code="6">700-01/(B</subfield>
						<subfield code="a">Lubrich, Naomi</subfield>
						<subfield code="d">1976-....</subfield>
						<subfield code="0">(IDREF)191043230</subfield>
						<subfield code="4">aut</subfield>
					</datafield>
					<datafield ind1="2" ind2=" " tag="710">
						<subfield code="6">880-02</subfield>
						<subfield code="a">Jüdisches Museum der Schweiz</subfield>
						<subfield code="4">edt</subfield>
						<subfield code="4">his</subfield>
						<subfield code="0">(DE-588)2100923-5</subfield>
					</datafield>
					<datafield ind1="2" ind2=" " tag="880">
						<subfield code="6">710-02/(B</subfield>
						<subfield code="a">Jüdisches Museum der Schweiz</subfield>
						<subfield code="g">Bâle, Suisse</subfield>
						<subfield code="0">(IDREF)194232506</subfield>
						<subfield code="4">edt</subfield>
						<subfield code="4">his</subfield>
					</datafield>
					<datafield ind1="4" ind2="2" tag="856">
						<subfield code="3">Inhaltsverzeichnis</subfield>
						<subfield code="q">PDF</subfield>
						<subfield code="u">https://urn.ub.unibe.ch/urn:ch:slsp:3907262093:ihv:pdf</subfield>
					</datafield>
					<datafield ind1=" " ind2=" " tag="900">
						<subfield code="a">Stoppsignal FRED</subfield>
						<subfield code="x">RZS/LUUHL/202108</subfield>
					</datafield>
					<datafield ind1=" " ind2=" " tag="900">
						<subfield code="a">OK_GND</subfield>
						<subfield code="x">RZS/LUUHL/202108/stsa</subfield>
					</datafield>
					<datafield ind1=" " ind2=" " tag="900">
						<subfield code="a">OK_GND</subfield>
						<subfield code="x">UZB/Z01/202301/brue</subfield>
					</datafield>
					<datafield ind1=" " ind2=" " tag="900">
						<subfield code="a">Stoppsignal FRED</subfield>
						<subfield code="x">UZB/Z01/202301</subfield>
					</datafield>
					<datafield ind1=" " ind2=" " tag="903">
						<subfield code="a">RERO-SIGN</subfield>
						<subfield code="5">BCUFR/20210726/hde</subfield>
					</datafield>
					<datafield ind1=" " ind2=" " tag="949">
						<subfield code="a">https://urn.ub.unibe.ch/urn:ch:slsp:3907262093:ihv:pdf</subfield>
					</datafield>
					<datafield ind1=" " ind2=" " tag="AVA">
						<subfield code="0">9911379472305506</subfield>
						<subfield code="8">2294662410005506</subfield>
						<subfield code="a">41SLSP_HSG</subfield>
						<subfield code="b">HSG</subfield>
						<subfield code="c">.</subfield>
						<subfield code="e">unavailable</subfield>
						<subfield code="f">1</subfield>
						<subfield code="g">1</subfield>
						<subfield code="j">UNASSIGNED</subfield>
						<subfield code="k">4</subfield>
						<subfield code="p">1</subfield>
						<subfield code="q">HSG</subfield>
					</datafield>
				</record>
			</recordData>
			<recordIdentifier>9911379472305506</recordIdentifier>
			<recordPosition>43</recordPosition>
		</record>