
		<record>
			<recordSchema>marcxml</recordSchema>
			<recordPacking>xml</recordPacking>
			<recordData>
				<record xmlns="http://www.loc.gov/MARC21/slim">
					<leader>03242cam a2200337Ii 4500</leader>
					<controlfield tag="001">9911350388305506</controlfield>
					<controlfield tag="006">m     o  d |</controlfield>
					<controlfield tag="007">cr cnu||||||||</controlfield>
					<controlfield tag="008">180706s2018    nyua    ob    001 0 eng d</controlfield>
					<datafield ind1=" " ind2=" " tag="020">
						<subfield code="a">1-351-17283-2</subfield>
					</datafield>
					<datafield ind1=" " ind2=" " tag="020">
						<subfield code="a">1-351-17282-4</subfield>
					</datafield>
					<datafield ind1="7" ind2=" " tag="024">
						<subfield code="a">10.4324/9781351172844</subfield>
						<subfield code="2">doi</subfield>
					</datafield>
					<datafield ind1=" " ind2=" " tag="035">
						<subfield code="a">(CKB)3840000000330585</subfield>
					</datafield>
					<datafield ind1=" " ind2=" " tag="035">
						<subfield code="a">(MiAaPQ)EBC5220281</subfield>
					</datafield>
					<datafield ind1=" " ind2=" " tag="035">
						<subfield code="a">(OCoLC)1012732680</subfield>
					</datafield>
					<datafield ind1=" " ind2=" " tag="035">
						<subfield code="a">(EXLCZ)993840000000330585</subfield>
					</datafield>
					<datafield ind1=" " ind2=" " tag="040">
						<subfield code="a">FlBoTFG</subfield>
						<subfield code="c">FlBoTFG</subfield>
						<subfield code="e">rda</subfield>
					</datafield>
					<datafield ind1=" " ind2=" " tag="043">
						<subfield code="a">e-uk---</subfield>
					</datafield>
					<datafield ind1=" " ind2="4" tag="050">
						<subfield code="a">DA550</subfield>
						<subfield code="b">.P373 2018</subfield>
					</datafield>
					<datafield ind1="0" ind2=" " tag="082">
						<subfield code="a">941.081</subfield>
						<subfield code="2">23</subfield>
					</datafield>
					<datafield ind1="0" ind2="0" tag="245">
						<subfield code="a">Paraphernalia! :</subfield>
						<subfield code="b">Victorian objects /</subfield>
						<subfield code="c">edited by Helen Kingstone and Kate Lister.</subfield>
					</datafield>
					<datafield ind1=" " ind2="1" tag="264">
						<subfield code="a">New York ;</subfield>
						<subfield code="a">London :</subfield>
						<subfield code="b">Routledge,</subfield>
						<subfield code="c">2018.</subfield>
					</datafield>
					<datafield ind1=" " ind2=" " tag="300">
						<subfield code="a">1 online resource (267 pages) :</subfield>
						<subfield code="b">illustrations.</subfield>
					</datafield>
					<datafield ind1=" " ind2=" " tag="336">
						<subfield code="a">text</subfield>
						<subfield code="2">rdacontent</subfield>
					</datafield>
					<datafield ind1=" " ind2=" " tag="337">
						<subfield code="a">computer</subfield>
						<subfield code="2">rdamedia</subfield>
					</datafield>
					<datafield ind1=" " ind2=" " tag="338">
						<subfield code="a">online resource</subfield>
						<subfield code="2">rdacarrier</subfield>
					</datafield>
					<datafield ind1="1" ind2=" " tag="490">
						<subfield code="a">The Nineteenth Century Series</subfield>
					</datafield>
					<datafield ind1=" " ind2=" " tag="504">
						<subfield code="a">Includes bibliographical references at the end of each chapters and index.</subfield>
					</datafield>
					<datafield ind1=" " ind2=" " tag="588">
						<subfield code="a">Description based on online resource; title from PDF title page (EBC, viewed February 12, 2018).</subfield>
					</datafield>
					<datafield ind1="0" ind2="0" tag="505">
						<subfield code="t">part, I ‘A Magic Cave’ --</subfield>
						<subfield code="t">Collecting Objects --</subfield>
						<subfield code="t">chapter Introduction --</subfield>
						<subfield code="t">‘It’s a Victorian Thing’ /</subfield>
						<subfield code="r">Helen Kingstone Kate Lister --</subfield>
						<subfield code="t">chapter 1 The Bazaars of London’s West End in the Nineteenth Century /</subfield>
						<subfield code="r">Rohan McWilliam --</subfield>
						<subfield code="t">chapter 2 The Bric-à-Bracquer’s Étagère or Whatnot --</subfield>
						<subfield code="t">Staging ‘Artistic’ Taste in the Aesthetic ‘House Beautiful’ /</subfield>
						<subfield code="r">Anne Anderson --</subfield>
						<subfield code="t">chapter 3 Rossetti’s Things --</subfield>
						<subfield code="t">The Artist and his Accessories /</subfield>
						<subfield code="r">Thad Logan --</subfield>
						<subfield code="t">part, II Ornaments --</subfield>
						<subfield code="t">Defining Prosperity at Home --</subfield>
						<subfield code="t">chapter 4 The Dark Side of the Tank --</subfield>
						<subfield code="t">The Marine Aquarium in the Victorian Home /</subfield>
						<subfield code="r">Silvia Granata --</subfield>
						<subfield code="t">chapter 5 ‘A chimney-piece in Plumtree-court, Holborn’ --</subfield>
						<subfield code="t">Plaster of Paris “Images” and Nineteenth-Century Working-Class Material Culture /</subfield>
						<subfield code="r">Ralph Mills --</subfield>
						<subfield code="t">chapter 6 The Secret Lives of Dead Animals --</subfield>
						<subfield code="t">Exploring Victorian Taxidermy /</subfield>
						<subfield code="r">Julia Courtney --</subfield>
						<subfield code="t">part, III Decentring Meaning --</subfield>
						<subfield code="t">Objects Becoming Things --</subfield>
						<subfield code="t">chapter 7 Objects of Anxiety in Nineteenth-Century Children’s Literature --</subfield>
						<subfield code="t">E. Nesbit and Frances Hodgson Burnett /</subfield>
						<subfield code="r">Valerie Sanders --</subfield>
						<subfield code="t">chapter 8 Within ‘The Coil of Things’ --</subfield>
						<subfield code="t">The Figurative Use of Devotional Objects in the Poetical Works of Algernon Charles Swinburne and Oscar Wilde /</subfield>
						<subfield code="r">Francois Ropert --</subfield>
						<subfield code="t">part, IV Object or Text? Reading the Body --</subfield>
						<subfield code="t">chapter 9 Golden Lies? Reading Locks of Hair in Mary Elizabeth Braddon’s Lady Audley’s Secret and Tennyson’s ‘The Ringlet’ /</subfield>
						<subfield code="r">Heather Hind --</subfield>
						<subfield code="t">chapter 10 The Art of Curling Up --</subfield>
						<subfield code="t">Charles Dickens and the Feeling of Curl-Papers /</subfield>
						<subfield code="r">Sophie Ratcliffe --</subfield>
						<subfield code="t">part, V Objects in Circulation --</subfield>
						<subfield code="t">Print Culture --</subfield>
						<subfield code="t">chapter 11 Woman’s Dress as a Polemical Object in the Mid-Victorian Period /</subfield>
						<subfield code="r">Odile Boucher-Rivalain --</subfield>
						<subfield code="t">chapter 12 Paper Love --</subfield>
						<subfield code="t">Valentines in Victorian Culture /</subfield>
						<subfield code="r">Alice Crossley --</subfield>
						<subfield code="t">chapter 13 Exotic Bodies and Mundane Medicines --</subfield>
						<subfield code="t">Advertising and Empire in the Late-Victorian and Edwardian Press 1 /</subfield>
						<subfield code="r">Peter Yeandle.</subfield>
					</datafield>
					<datafield ind1=" " ind2="0" tag="651">
						<subfield code="a">Great Britain</subfield>
						<subfield code="x">History</subfield>
						<subfield code="y">Victoria, 1837-1901.</subfield>
					</datafield>
					<datafield ind1=" " ind2="0" tag="651">
						<subfield code="a">Great Britain</subfield>
						<subfield code="x">Civilization</subfield>
						<subfield code="y">19th century.</subfield>
					</datafield>
					<datafield ind1=" " ind2="4" tag="655">
						<subfield code="a">Electronic books.</subfield>
					</datafield>
					<datafield ind1=" " ind2="0" tag="650">
						<subfield code="a">Antiques, Victorian</subfield>
						<subfield code="z">Great Britain.</subfield>
					</datafield>
					<datafield ind1=" " ind2="0" tag="650">
						<subfield code="a">Decoration and ornament</subfield>
						<subfield code="z">Great Britain</subfield>
						<subfield code="x">History</subfield>
						<subfield code="y">19th century.</subfield>
					</datafield>
					<datafield ind1=" " ind2="0" tag="650">
						<subfield code="a">Decorative arts, Victorian</subfield>
						<subfield code="z">Great Britain.</subfield>
					</datafield>
					<datafield ind1=" " ind2=" " tag="776">
						<subfield code="z">1-351-17284-0</subfield>
					</datafield>
					<datafield ind1=" " ind2=" " tag="776">
						<subfield code="z">0-8153-8781-4</subfield>
					</datafield>
					<datafield ind1="1" ind2=" " tag="700">
						<subfield code="a">Kingstone, Helen,</subfield>
						<subfield code="e">editor.</subfield>
					</datafield>
					<datafield ind1="1" ind2=" " tag="700">
						<subfield code="a">Lister, Kate,</subfield>
						<subfield code="d">1959-</subfield>
						<subfield code="e">editor.</subfield>
					</datafield>
					<datafield ind1=" " ind2="0" tag="830">
						<subfield code="a">Nineteenth century (Aldershot, England)</subfield>
					</datafield>
					<datafield ind1=" " ind2=" " tag="906">
						<subfield code="a">BOOK</subfield>
					</datafield>
					<datafield ind1=" " ind2=" " tag="AVE">
						<subfield code="8">5390162570005506</subfield>
						<subfield code="c">6176611040005506</subfield>
						<subfield code="e">Available</subfield>
						<subfield code="m">Taylor &amp; Francis eBooks EBS</subfield>
						<subfield code="a">41SLSP_HSG</subfield>
						<subfield code="0">9911350388305506</subfield>
					</datafield>
				</record>
			</recordData>
			<recordIdentifier>9911350388305506</recordIdentifier>
			<recordPosition>44</recordPosition>
		</record>