
		<record>
			<recordSchema>marcxml</recordSchema>
			<recordPacking>xml</recordPacking>
			<recordData>
				<record xmlns="http://www.loc.gov/MARC21/slim">
					<leader>03945nam a22005171i 4500</leader>
					<controlfield tag="001">9910953170505506</controlfield>
					<controlfield tag="005">20200514202323.0</controlfield>
					<controlfield tag="006">m        d</controlfield>
					<controlfield tag="007">cr cnu||||||||</controlfield>
					<controlfield tag="008">180302s2018    enk     ob    001 0 eng d</controlfield>
					<datafield ind1=" " ind2=" " tag="020">
						<subfield code="a">1-5099-0288-0</subfield>
					</datafield>
					<datafield ind1=" " ind2=" " tag="020">
						<subfield code="a">1-5099-0289-9</subfield>
					</datafield>
					<datafield ind1="7" ind2=" " tag="024">
						<subfield code="a">10.5040/9781509902880</subfield>
						<subfield code="2">doi</subfield>
					</datafield>
					<datafield ind1=" " ind2=" " tag="035">
						<subfield code="a">(CKB)4340000000253954</subfield>
					</datafield>
					<datafield ind1=" " ind2=" " tag="035">
						<subfield code="a">(MiAaPQ)EBC5310031</subfield>
					</datafield>
					<datafield ind1=" " ind2=" " tag="035">
						<subfield code="a">(OCoLC)1008762300</subfield>
					</datafield>
					<datafield ind1=" " ind2=" " tag="035">
						<subfield code="a">(UtOrBLW)bpp09261585</subfield>
					</datafield>
					<datafield ind1=" " ind2=" " tag="035">
						<subfield code="a">(EXLCZ)994340000000253954</subfield>
					</datafield>
					<datafield ind1=" " ind2=" " tag="040">
						<subfield code="a">UtOrBLW</subfield>
						<subfield code="b">eng</subfield>
						<subfield code="c">UtOrBLW</subfield>
						<subfield code="d">UkLoBP</subfield>
						<subfield code="e">rda</subfield>
						<subfield code="e">pn</subfield>
					</datafield>
					<datafield ind1=" " ind2=" " tag="041">
						<subfield code="a">eng</subfield>
					</datafield>
					<datafield ind1=" " ind2=" " tag="043">
						<subfield code="a">e-uk---</subfield>
					</datafield>
					<datafield ind1="0" ind2="0" tag="050">
						<subfield code="a">KD6004</subfield>
						<subfield code="b">.F55 2018</subfield>
					</datafield>
					<datafield ind1="0" ind2="0" tag="082">
						<subfield code="a">342.41/0412</subfield>
						<subfield code="2">23</subfield>
					</datafield>
					<datafield ind1="1" ind2=" " tag="100">
						<subfield code="a">Fikfak, Veronika,</subfield>
						<subfield code="e">author.</subfield>
					</datafield>
					<datafield ind1="1" ind2="0" tag="245">
						<subfield code="a">Parliament's secret war /</subfield>
						<subfield code="c">Veronika Fikfak and Hayley J Hooper.</subfield>
					</datafield>
					<datafield ind1=" " ind2="1" tag="264">
						<subfield code="a">Oxford ;</subfield>
						<subfield code="a">Portland, Oregon :</subfield>
						<subfield code="b">Hart Publishing, an imprint of Bloomsbury Publishing Plc,</subfield>
						<subfield code="c">2018.</subfield>
					</datafield>
					<datafield ind1=" " ind2=" " tag="300">
						<subfield code="a">1 online resource (526 pages).</subfield>
					</datafield>
					<datafield ind1=" " ind2=" " tag="336">
						<subfield code="a">text</subfield>
						<subfield code="2">rdacontent</subfield>
					</datafield>
					<datafield ind1=" " ind2=" " tag="337">
						<subfield code="a">computer</subfield>
						<subfield code="2">rdamedia</subfield>
					</datafield>
					<datafield ind1=" " ind2=" " tag="338">
						<subfield code="a">online resource</subfield>
						<subfield code="2">rdacarrier</subfield>
					</datafield>
					<datafield ind1="1" ind2=" " tag="490">
						<subfield code="a">Hart studies in security and justice ;</subfield>
						<subfield code="v">v. 2</subfield>
					</datafield>
					<datafield ind1=" " ind2=" " tag="530">
						<subfield code="a">Also issued in print.</subfield>
					</datafield>
					<datafield ind1=" " ind2=" " tag="504">
						<subfield code="a">Includes bibliographical references and index.</subfield>
					</datafield>
					<datafield ind1="0" ind2=" " tag="505">
						<subfield code="a">Parliament's secret war -- A legal war? -- The convention as a battlefield -- The deployment of secrecy -- Re-arming Parliament : fostering politics -- Closed intelligence sessions -- Conclusion.</subfield>
					</datafield>
					<datafield ind1=" " ind2=" " tag="520">
						<subfield code="a">"The invasion of Iraq in 2003, and the Coalition Government's failure to win parliamentary approval for armed intervention in Syria in 2013, mark a period of increased scrutiny of the process by which the UK engages in armed conflict. For much of the media and civil society there now exists a constitutional convention which mandates that the Government consults Parliament before commencing hostilities. This is celebrated as representing a redistribution of power from the executive towards a more legitimate, democratic institution. This book offers a critical inquiry into Parliament's role in the war prerogative since the beginning of the twentieth century, evaluating whether the UK's decisions to engage in conflict meet the recognised standards of good governance: accountability, transparency and participation. The analysis reveals a number of persistent problems in the decision-making process, including Parliament's lack of access to relevant information, government 'legalisation' of parliamentary debates which frustrates broader discussions of political legitimacy, and the skewing of debates via the partial public disclosure of information based upon secret intelligence. The book offers solutions to these problems to reinvigorate parliamentary discourse and to address government withholding of classified information. It is essential reading for anyone interested in war powers, the relationship between international law and domestic politics, and the role of the Westminster Parliament in questions of national security."--Bloomsbury Publishing.</subfield>
					</datafield>
					<datafield ind1=" " ind2="0" tag="650">
						<subfield code="a">Prerogative, Royal</subfield>
						<subfield code="z">Great Britain.</subfield>
					</datafield>
					<datafield ind1=" " ind2="0" tag="650">
						<subfield code="a">War and emergency legislation</subfield>
						<subfield code="z">Great Britain.</subfield>
					</datafield>
					<datafield ind1=" " ind2="0" tag="650">
						<subfield code="a">War, Declaration of</subfield>
						<subfield code="z">Great Britain.</subfield>
					</datafield>
					<datafield ind1=" " ind2="7" tag="650">
						<subfield code="2">Constitutional &amp; administrative law</subfield>
					</datafield>
					<datafield ind1=" " ind2=" " tag="776">
						<subfield code="z">1-5099-3982-2</subfield>
					</datafield>
					<datafield ind1=" " ind2=" " tag="776">
						<subfield code="z">1-5099-0287-2</subfield>
					</datafield>
					<datafield ind1="1" ind2=" " tag="700">
						<subfield code="a">Hooper, Hayley Jayne,</subfield>
						<subfield code="d">1984-</subfield>
						<subfield code="e">editor.</subfield>
					</datafield>
					<datafield ind1=" " ind2="0" tag="830">
						<subfield code="a">Hart studies in security and justice ;</subfield>
						<subfield code="v">v. 2.</subfield>
					</datafield>
					<datafield ind1=" " ind2=" " tag="906">
						<subfield code="a">BOOK</subfield>
					</datafield>
					<datafield ind1=" " ind2=" " tag="AVE">
						<subfield code="8">5352998440005506</subfield>
						<subfield code="c">6150262560005506</subfield>
						<subfield code="e">Available</subfield>
						<subfield code="m">Bloomsbury Collections Hart Publishing 2017</subfield>
						<subfield code="t">Bloomsbury Publishing Plc</subfield>
						<subfield code="a">41SLSP_HSG</subfield>
						<subfield code="0">9910953170505506</subfield>
					</datafield>
				</record>
			</recordData>
			<recordIdentifier>9910953170505506</recordIdentifier>
			<recordPosition>45</recordPosition>
		</record>