
		<record>
			<recordSchema>marcxml</recordSchema>
			<recordPacking>xml</recordPacking>
			<recordData>
				<record xmlns="http://www.loc.gov/MARC21/slim">
					<leader>    n am 22      3u     </leader>
					<controlfield tag="001">9910999679705506</controlfield>
					<controlfield tag="005">20200520144314.0</controlfield>
					<controlfield tag="006">m     o  d |</controlfield>
					<controlfield tag="007">cr cnu||||||||</controlfield>
					<controlfield tag="008">180305t20182018gw      ob    001 0deng|d</controlfield>
					<datafield ind1=" " ind2=" " tag="020">
						<subfield code="a">3-11-041930-0</subfield>
					</datafield>
					<datafield ind1="7" ind2=" " tag="024">
						<subfield code="a">10.1515/9783110419306</subfield>
						<subfield code="2">doi</subfield>
					</datafield>
					<datafield ind1=" " ind2=" " tag="035">
						<subfield code="a">(CKB)3850000000001036</subfield>
					</datafield>
					<datafield ind1=" " ind2=" " tag="035">
						<subfield code="a">(DE-B1597)450710</subfield>
					</datafield>
					<datafield ind1=" " ind2=" " tag="035">
						<subfield code="a">(OCoLC)1024042694</subfield>
					</datafield>
					<datafield ind1=" " ind2=" " tag="035">
						<subfield code="a">(DE-B1597)9783110419306</subfield>
					</datafield>
					<datafield ind1=" " ind2=" " tag="035">
						<subfield code="a">(Au-PeEL)EBL4943386</subfield>
					</datafield>
					<datafield ind1=" " ind2=" " tag="035">
						<subfield code="a">(CaPaEBR)ebr11518132</subfield>
					</datafield>
					<datafield ind1=" " ind2=" " tag="035">
						<subfield code="a">(ScCtBLL)522ea4d2-8be4-45a8-acd1-54c0c56f3cda</subfield>
					</datafield>
					<datafield ind1=" " ind2=" " tag="035">
						<subfield code="a">(MiAaPQ)EBC4943386</subfield>
					</datafield>
					<datafield ind1=" " ind2=" " tag="035">
						<subfield code="a">(oapen)https://directory.doabooks.org/handle/20.500.12854/56106</subfield>
					</datafield>
					<datafield ind1=" " ind2=" " tag="035">
						<subfield code="a">(EXLCZ)993850000000001036</subfield>
					</datafield>
					<datafield ind1=" " ind2=" " tag="040">
						<subfield code="a">MiAaPQ</subfield>
						<subfield code="b">eng</subfield>
						<subfield code="e">rda</subfield>
						<subfield code="e">pn</subfield>
						<subfield code="c">MiAaPQ</subfield>
						<subfield code="d">MiAaPQ</subfield>
					</datafield>
					<datafield ind1="0" ind2=" " tag="041">
						<subfield code="a">eng</subfield>
					</datafield>
					<datafield ind1=" " ind2=" " tag="044">
						<subfield code="a">gw</subfield>
						<subfield code="c">DE</subfield>
					</datafield>
					<datafield ind1=" " ind2="4" tag="050">
						<subfield code="a">PQ4534</subfield>
						<subfield code="b">.P48 2018</subfield>
					</datafield>
					<datafield ind1=" " ind2="7" tag="072">
						<subfield code="a">HIS037010</subfield>
						<subfield code="2">bisacsh</subfield>
					</datafield>
					<datafield ind1=" " ind2="7" tag="072">
						<subfield code="a">HIS037030</subfield>
						<subfield code="2">bisacsh</subfield>
					</datafield>
					<datafield ind1=" " ind2="7" tag="072">
						<subfield code="a">LIT004200</subfield>
						<subfield code="2">bisacsh</subfield>
					</datafield>
					<datafield ind1=" " ind2="7" tag="072">
						<subfield code="a">PHI016000</subfield>
						<subfield code="2">bisacsh</subfield>
					</datafield>
					<datafield ind1="0" ind2="4" tag="082">
						<subfield code="a">440</subfield>
					</datafield>
					<datafield ind1="1" ind2=" " tag="100">
						<subfield code="a">Candido, Igor</subfield>
						<subfield code="4">auth</subfield>
					</datafield>
					<datafield ind1="0" ind2="0" tag="245">
						<subfield code="a">Petrarch and Boccaccio :</subfield>
						<subfield code="b">the unity of knowledge in the pre-modern world /</subfield>
						<subfield code="c">edited by Igor Candido.</subfield>
					</datafield>
					<datafield ind1=" " ind2=" " tag="260">
						<subfield code="b">De Gruyter</subfield>
						<subfield code="c">2018</subfield>
					</datafield>
					<datafield ind1=" " ind2="1" tag="264">
						<subfield code="a">Berlin :</subfield>
						<subfield code="b">De Gruyter,</subfield>
						<subfield code="c">[2018]</subfield>
					</datafield>
					<datafield ind1=" " ind2="4" tag="264">
						<subfield code="c">©2018</subfield>
					</datafield>
					<datafield ind1=" " ind2=" " tag="300">
						<subfield code="a">1 online resource (390 pages).</subfield>
					</datafield>
					<datafield ind1=" " ind2=" " tag="336">
						<subfield code="a">text</subfield>
						<subfield code="2">rdacontent</subfield>
					</datafield>
					<datafield ind1=" " ind2=" " tag="337">
						<subfield code="a">computer</subfield>
						<subfield code="2">rdamedia</subfield>
					</datafield>
					<datafield ind1=" " ind2=" " tag="338">
						<subfield code="a">online resource</subfield>
						<subfield code="2">rdacarrier</subfield>
					</datafield>
					<datafield ind1="1" ind2=" " tag="490">
						<subfield code="a">Mimesis : Romanische Literaturen der Welt ;</subfield>
						<subfield code="v">Band 61</subfield>
					</datafield>
					<datafield ind1=" " ind2=" " tag="540">
						<subfield code="a">This eBook is made available Open Access under a CC BY-NC-ND 4.0 license:</subfield>
						<subfield code="u">https://creativecommons.org/licenses/by-nc-nd/4.0</subfield>
						<subfield code="u">https://www.degruyter.com/dg/page/open-access-policy</subfield>
					</datafield>
					<datafield ind1=" " ind2=" " tag="520">
						<subfield code="a">The early modern and modern cultural world in the West would be unthinkable without Petrarch and Boccaccio. Despite this fact, there is still no scholarly contribution entirely devoted to analysing their intellectual revolution. Internationally renowned scholars are invited to discuss and rethink the historical, intellectual, and literary roles of Petrarch and Boccaccio between the great model of Dante's encyclopedia and the ideas of a double or multifaceted culture in the era of Italian Renaissance Humanism. In his lyrical poems and Latin treatises, Petrarch created a cultural pattern that was both Christian and Classical, exercising immense influence on the Western World in the centuries to come. Boccaccio translated this pattern into his own vernacular narratives and erudite works, ultimately claiming as his own achievement the reconstructed unity of the Ancient Greek and Latin world in his contemporary age. The volume reconsiders Petrarch's and Boccaccio's heritages from different perspectives (philosophy, theology, history, philology, paleography, literature, theory), and investigates how these heritages shaped the cultural transition between the end of the Middle Ages and the early modern era, as well as European identity.</subfield>
					</datafield>
					<datafield ind1=" " ind2=" " tag="546">
						<subfield code="a">In English.</subfield>
					</datafield>
					<datafield ind1="0" ind2="0" tag="505">
						<subfield code="t">Frontmatter --</subfield>
						<subfield code="t">Contents --</subfield>
						<subfield code="t">Acknowledgments --</subfield>
						<subfield code="t">Introduction /</subfield>
						<subfield code="r">Candido, Igor --</subfield>
						<subfield code="t">The Formation of Knowledge and Petrarch's Books /</subfield>
						<subfield code="r">Storey, H. Wayne --</subfield>
						<subfield code="t">Sacra solitudo. Petrarch's authorship and the locus sacer /</subfield>
						<subfield code="r">Enenkel, Karl --</subfield>
						<subfield code="t">Petrarch, Creator of the Christian Humanist /</subfield>
						<subfield code="r">Witt, Ronald --</subfield>
						<subfield code="t">Petrarch and the History of Philosophy /</subfield>
						<subfield code="r">Celenza, Christopher --</subfield>
						<subfield code="t">The Secret Life of Classical and Arabic Medical Texts in Petrarch's Canzoniere /</subfield>
						<subfield code="r">Küpper, Joachim --</subfield>
						<subfield code="t">From Paradox to Exclusivity: Dante and Petrarch's Lyrical Eschatologies /</subfield>
						<subfield code="r">Gragnolati, Manuele / Southerden, Francesca --</subfield>
						<subfield code="t">Dante, Petrarch, and Boccaccio on Religious Conversion /</subfield>
						<subfield code="r">Candido, Igor --</subfield>
						<subfield code="t">The Incipit of the Decameron: Textual Margins as an Index of Epochal Change /</subfield>
						<subfield code="r">Regn, Gerhard --</subfield>
						<subfield code="t">The Proemio of the Decameron. Boccaccio's Hidden Dialogue with Scholasticism /</subfield>
						<subfield code="r">Kablitz, Andreas --</subfield>
						<subfield code="t">Boccaccio's Novel Hecuba: Beritola between Ovid and Dante /</subfield>
						<subfield code="r">Ciabattoni, Francesco --</subfield>
						<subfield code="t">Boccaccio, the Classics and the Latin Middle Ages /</subfield>
						<subfield code="r">Petoletti, Marco --</subfield>
						<subfield code="t">The Inventors of Things in Boccaccio's De genealogia deorum gentilium /</subfield>
						<subfield code="r">Cherchi, Paolo --</subfield>
						<subfield code="t">Boccaccio's Critique of Petrarch /</subfield>
						<subfield code="r">Mazzotta, Giuseppe --</subfield>
						<subfield code="t">The Perfect Woman in Boccaccio and Petrarch /</subfield>
						<subfield code="r">Ficara, Giorgio --</subfield>
						<subfield code="t">Petrarch, Boccaccio, and the Space of Vernacular Literature /</subfield>
						<subfield code="r">Bragantini, Renzo --</subfield>
						<subfield code="t">Between Petrarch and Boccaccio: Strategies of the End /</subfield>
						<subfield code="r">Ferroni, Giulio --</subfield>
						<subfield code="t">Contributors --</subfield>
						<subfield code="t">Index of Manuscripts --</subfield>
						<subfield code="t">Index Nominum</subfield>
					</datafield>
					<datafield ind1=" " ind2=" " tag="504">
						<subfield code="a">Includes bibliographical references and index.</subfield>
					</datafield>
					<datafield ind1=" " ind2=" " tag="588">
						<subfield code="a">Description based on online resource; title from PDF title page (ebrary, viewed March 5, 2018).</subfield>
					</datafield>
					<datafield ind1="1" ind2="0" tag="600">
						<subfield code="a">Petrarca, Francesco,</subfield>
						<subfield code="d">1304-1374.</subfield>
					</datafield>
					<datafield ind1="1" ind2="0" tag="600">
						<subfield code="a">Boccaccio, Giovanni,</subfield>
						<subfield code="d">1313-1375.</subfield>
					</datafield>
					<datafield ind1=" " ind2="7" tag="650">
						<subfield code="a">LITERARY CRITICISM / European / Italian.</subfield>
						<subfield code="2">bisacsh</subfield>
					</datafield>
					<datafield ind1=" " ind2=" " tag="653">
						<subfield code="a">Cultural History (Middle Ages).</subfield>
					</datafield>
					<datafield ind1=" " ind2=" " tag="653">
						<subfield code="a">Cultural History (Renaissance).</subfield>
					</datafield>
					<datafield ind1=" " ind2=" " tag="653">
						<subfield code="a">Francesco Petrarch.</subfield>
					</datafield>
					<datafield ind1=" " ind2=" " tag="653">
						<subfield code="a">Giovanni Boccaccio.</subfield>
					</datafield>
					<datafield ind1="1" ind2=" " tag="700">
						<subfield code="a">Candido, Igor,</subfield>
						<subfield code="e">editor.</subfield>
					</datafield>
					<datafield ind1=" " ind2=" " tag="776">
						<subfield code="z">3-11-042514-9</subfield>
					</datafield>
					<datafield ind1=" " ind2="0" tag="830">
						<subfield code="a">Mimesis ;</subfield>
						<subfield code="v">Bd. 61.</subfield>
					</datafield>
					<datafield ind1=" " ind2=" " tag="906">
						<subfield code="a">BOOK</subfield>
					</datafield>
					<datafield ind1=" " ind2=" " tag="AVE">
						<subfield code="8">5388228300005506</subfield>
						<subfield code="c">6188000480005506</subfield>
						<subfield code="e">Available</subfield>
						<subfield code="m">KU Open Research Library</subfield>
						<subfield code="t">Knowledge Unlatched</subfield>
						<subfield code="a">41SLSP_HSG</subfield>
						<subfield code="0">9910999679705506</subfield>
					</datafield>
				</record>
			</recordData>
			<recordIdentifier>9910999679705506</recordIdentifier>
			<recordPosition>46</recordPosition>
		</record>