
		<record>
			<recordSchema>marcxml</recordSchema>
			<recordPacking>xml</recordPacking>
			<recordData>
				<record xmlns="http://www.loc.gov/MARC21/slim">
					<leader>04541nam a22006015i 4500</leader>
					<controlfield tag="001">9911143229305506</controlfield>
					<controlfield tag="005">20191022022751.0</controlfield>
					<controlfield tag="006">m|||||o||d||||||||</controlfield>
					<controlfield tag="007">cr cnu||||||||</controlfield>
					<controlfield tag="008">191022s2018    ilu    fo  d z      eng d</controlfield>
					<datafield ind1=" " ind2=" " tag="020">
						<subfield code="a">0-226-56973-X</subfield>
					</datafield>
					<datafield ind1="7" ind2=" " tag="024">
						<subfield code="a">10.7208/9780226569734</subfield>
						<subfield code="2">doi</subfield>
					</datafield>
					<datafield ind1=" " ind2=" " tag="035">
						<subfield code="a">(CKB)4100000007150667</subfield>
					</datafield>
					<datafield ind1=" " ind2=" " tag="035">
						<subfield code="a">(MiAaPQ)EBC5320939</subfield>
					</datafield>
					<datafield ind1=" " ind2=" " tag="035">
						<subfield code="a">(StDuBDS)EDZ0002099205</subfield>
					</datafield>
					<datafield ind1=" " ind2=" " tag="035">
						<subfield code="a">(DE-B1597)523957</subfield>
					</datafield>
					<datafield ind1=" " ind2=" " tag="035">
						<subfield code="a">(OCoLC)1065537459</subfield>
					</datafield>
					<datafield ind1=" " ind2=" " tag="035">
						<subfield code="a">(DE-B1597)9780226569734</subfield>
					</datafield>
					<datafield ind1=" " ind2=" " tag="035">
						<subfield code="a">(EXLCZ)994100000007150667</subfield>
					</datafield>
					<datafield ind1=" " ind2=" " tag="040">
						<subfield code="a">DE-B1597</subfield>
						<subfield code="b">eng</subfield>
						<subfield code="c">DE-B1597</subfield>
						<subfield code="e">rda</subfield>
					</datafield>
					<datafield ind1="0" ind2=" " tag="041">
						<subfield code="a">eng</subfield>
					</datafield>
					<datafield ind1=" " ind2=" " tag="044">
						<subfield code="a">ilu</subfield>
						<subfield code="c">US-IL</subfield>
					</datafield>
					<datafield ind1=" " ind2="4" tag="050">
						<subfield code="a">B52.7</subfield>
						<subfield code="b">.L97 2019</subfield>
					</datafield>
					<datafield ind1=" " ind2="7" tag="072">
						<subfield code="a">PHI000000</subfield>
						<subfield code="2">bisacsh</subfield>
					</datafield>
					<datafield ind1="0" ind2="4" tag="082">
						<subfield code="a">100</subfield>
						<subfield code="2">23</subfield>
					</datafield>
					<datafield ind1=" " ind2=" " tag="084">
						<subfield code="a">ES 680</subfield>
						<subfield code="2">rvk</subfield>
						<subfield code="0">(DE-625)rvk/27873:</subfield>
					</datafield>
					<datafield ind1="1" ind2=" " tag="100">
						<subfield code="a">Lysaker, John T.,</subfield>
						<subfield code="e">author.</subfield>
					</datafield>
					<datafield ind1="1" ind2="0" tag="245">
						<subfield code="a">Philosophy, Writing, and the Character of Thought /</subfield>
						<subfield code="c">John T. Lysaker.</subfield>
					</datafield>
					<datafield ind1=" " ind2="1" tag="264">
						<subfield code="a">Chicago :</subfield>
						<subfield code="b">University of Chicago Press,</subfield>
						<subfield code="c">[2018]</subfield>
					</datafield>
					<datafield ind1=" " ind2="4" tag="264">
						<subfield code="c">©2018</subfield>
					</datafield>
					<datafield ind1=" " ind2=" " tag="300">
						<subfield code="a">1 online resource (202 pages)</subfield>
					</datafield>
					<datafield ind1=" " ind2=" " tag="336">
						<subfield code="a">text</subfield>
						<subfield code="b">txt</subfield>
						<subfield code="2">rdacontent</subfield>
					</datafield>
					<datafield ind1=" " ind2=" " tag="337">
						<subfield code="a">computer</subfield>
						<subfield code="b">c</subfield>
						<subfield code="2">rdamedia</subfield>
					</datafield>
					<datafield ind1=" " ind2=" " tag="338">
						<subfield code="a">online resource</subfield>
						<subfield code="b">cr</subfield>
						<subfield code="2">rdacarrier</subfield>
					</datafield>
					<datafield ind1="1" ind2=" " tag="490">
						<subfield code="a">Chicago scholarship online</subfield>
					</datafield>
					<datafield ind1=" " ind2=" " tag="504">
						<subfield code="a">Includes bibliographical references and index.</subfield>
					</datafield>
					<datafield ind1=" " ind2=" " tag="521">
						<subfield code="a">Specialized.</subfield>
					</datafield>
					<datafield ind1=" " ind2=" " tag="500">
						<subfield code="a">Previously issued in print: 2018.</subfield>
					</datafield>
					<datafield ind1="0" ind2="0" tag="505">
						<subfield code="t">Frontmatter --</subfield>
						<subfield code="t">Contents --</subfield>
						<subfield code="t">Gambits and Gambles --</subfield>
						<subfield code="t">Iron Filings --</subfield>
						<subfield code="t">Pardon the Interruption --</subfield>
						<subfield code="t">Content and Form --</subfield>
						<subfield code="t">Form and Content --</subfield>
						<subfield code="t">In the Beginning Was the Deed --</subfield>
						<subfield code="t">Reworking Making --</subfield>
						<subfield code="t">Deliberate Writing --</subfield>
						<subfield code="t">Mistaking Instrumental Reason --</subfield>
						<subfield code="t">Fits and Starts --</subfield>
						<subfield code="t">A Cultivar --</subfield>
						<subfield code="t">Quotation beyond Quotas --</subfield>
						<subfield code="t">For Examples --</subfield>
						<subfield code="t">In Nuce --</subfield>
						<subfield code="t">Irony --</subfield>
						<subfield code="t">Message in a Bottle --</subfield>
						<subfield code="t">The Hour of the Wolf --</subfield>
						<subfield code="t">It's the Gesture That Counts --</subfield>
						<subfield code="t">Furnishing the Space of Reasons --</subfield>
						<subfield code="t">A Struggle with Ourselves --</subfield>
						<subfield code="t">Who's on First --</subfield>
						<subfield code="t">Every One Is Everybody --</subfield>
						<subfield code="t">The Secret Addressee --</subfield>
						<subfield code="t">When We Undo Things with Words --</subfield>
						<subfield code="t">Unknown Friends --</subfield>
						<subfield code="t">Resoundingly Reticent --</subfield>
						<subfield code="t">Provocation/Demonstration --</subfield>
						<subfield code="t">Among the Pros (and Cons) --</subfield>
						<subfield code="t">A: "O my friend, there are no friends." B: "At least we've got each other." --</subfield>
						<subfield code="t">Then Came History --</subfield>
						<subfield code="t">Equal to the Moment --</subfield>
						<subfield code="t">Unequal to the Moment --</subfield>
						<subfield code="t">After Beauvoir --</subfield>
						<subfield code="t">Property Is Theft --</subfield>
						<subfield code="t">Strange Alchemy --</subfield>
						<subfield code="t">Public Commitment --</subfield>
						<subfield code="t">Propagation without Propaganda --</subfield>
						<subfield code="t">Bit by Bit --</subfield>
						<subfield code="t">Taking Stances --</subfield>
						<subfield code="t">Character Studies --</subfield>
						<subfield code="t">Where Do We Find Ourselves? --</subfield>
						<subfield code="t">Acknowledgments --</subfield>
						<subfield code="t">Notes --</subfield>
						<subfield code="t">References --</subfield>
						<subfield code="t">Index</subfield>
					</datafield>
					<datafield ind1=" " ind2=" " tag="520">
						<subfield code="a">Philosophy's relation to the act of writing is John T. Lysaker's main concern in Philosophy, Writing, and the Character of Thought. Whether in Plato, Montaigne, Nietzsche, Wittgenstein, or Derrida, philosophy has come in many forms, and those forms-the concrete shape philosophizing takes in writing-matter. Much more than mere adornment, the style in which a given philosopher writes is often of crucial importance to the point he or she is making, part and parcel of the philosophy itself. ​Considering each of the ways in which writing influences philosophy, Lysaker explores genres like the aphorism, dialogue, and essay, as well as logical-rhetorical operations like the example, irony, and "ation. At the same time, he shows us the effects of these rhetorical devices through his own literary experimentation. In dialogue with such authors as Benjamin, Cavell, Emerson, and Lukács, he aims to revitalize philosophical writing, arguing that philosophy cannot fulfill its intellectual and cultural promise if it keeps to professional articles and academic prose. Instead, philosophy must embrace writing as an essential, creative activity, and deliberately reform how it approaches its subject matter, readership, and the evolving social practices of reading and reflection.</subfield>
					</datafield>
					<datafield ind1="0" ind2=" " tag="588">
						<subfield code="a">Description based on online resource; title from PDF title page (publisher's Web site, viewed 22. Okt 2019)</subfield>
					</datafield>
					<datafield ind1=" " ind2=" " tag="546">
						<subfield code="a">In English.</subfield>
					</datafield>
					<datafield ind1=" " ind2="0" tag="650">
						<subfield code="a">Philosophy</subfield>
						<subfield code="x">Authorship.</subfield>
					</datafield>
					<datafield ind1=" " ind2="0" tag="650">
						<subfield code="a">Authorship</subfield>
						<subfield code="x">Philosophy.</subfield>
					</datafield>
					<datafield ind1=" " ind2=" " tag="653">
						<subfield code="a">Aphorism.</subfield>
					</datafield>
					<datafield ind1=" " ind2=" " tag="653">
						<subfield code="a">Dialogue.</subfield>
					</datafield>
					<datafield ind1=" " ind2=" " tag="653">
						<subfield code="a">Essay.</subfield>
					</datafield>
					<datafield ind1=" " ind2=" " tag="653">
						<subfield code="a">Genre.</subfield>
					</datafield>
					<datafield ind1=" " ind2=" " tag="653">
						<subfield code="a">Logic.</subfield>
					</datafield>
					<datafield ind1=" " ind2=" " tag="653">
						<subfield code="a">Philosophical writing.</subfield>
					</datafield>
					<datafield ind1=" " ind2=" " tag="653">
						<subfield code="a">Philosophy.</subfield>
					</datafield>
					<datafield ind1=" " ind2=" " tag="653">
						<subfield code="a">Reading.</subfield>
					</datafield>
					<datafield ind1=" " ind2=" " tag="653">
						<subfield code="a">Rhetoric.</subfield>
					</datafield>
					<datafield ind1=" " ind2=" " tag="776">
						<subfield code="z">0-226-56956-X</subfield>
					</datafield>
					<datafield ind1=" " ind2="0" tag="830">
						<subfield code="a">Chicago scholarship online.</subfield>
					</datafield>
					<datafield ind1=" " ind2=" " tag="906">
						<subfield code="a">BOOK</subfield>
					</datafield>
					<datafield ind1=" " ind2=" " tag="AVE">
						<subfield code="8">5371939410005506</subfield>
						<subfield code="c">6164319640005506</subfield>
						<subfield code="e">Available</subfield>
						<subfield code="m">Ebook Central Perpetual, DDA and Subscription Titles</subfield>
						<subfield code="t">Ebook Central</subfield>
						<subfield code="a">41SLSP_HSG</subfield>
						<subfield code="0">9911143229305506</subfield>
					</datafield>
				</record>
			</recordData>
			<recordIdentifier>9911143229305506</recordIdentifier>
			<recordPosition>47</recordPosition>
		</record>