
		<record>
			<recordSchema>marcxml</recordSchema>
			<recordPacking>xml</recordPacking>
			<recordData>
				<record xmlns="http://www.loc.gov/MARC21/slim">
					<leader>04155cam a2200373Ii 4500</leader>
					<controlfield tag="001">9911350500205506</controlfield>
					<controlfield tag="006">m     o  d |</controlfield>
					<controlfield tag="007">cr cnu||||||||</controlfield>
					<controlfield tag="008">180706s2018    nyuab   ob    001 0 eng d</controlfield>
					<datafield ind1=" " ind2=" " tag="020">
						<subfield code="a">1-315-41363-9</subfield>
					</datafield>
					<datafield ind1=" " ind2=" " tag="020">
						<subfield code="a">1-315-41365-5</subfield>
					</datafield>
					<datafield ind1=" " ind2=" " tag="020">
						<subfield code="a">1-315-41364-7</subfield>
					</datafield>
					<datafield ind1="7" ind2=" " tag="024">
						<subfield code="a">10.4324/9781315413655</subfield>
						<subfield code="2">doi</subfield>
					</datafield>
					<datafield ind1=" " ind2=" " tag="035">
						<subfield code="a">(CKB)3790000000534715</subfield>
					</datafield>
					<datafield ind1=" " ind2=" " tag="035">
						<subfield code="a">(MiAaPQ)EBC4912616</subfield>
					</datafield>
					<datafield ind1=" " ind2=" " tag="035">
						<subfield code="a">(OCoLC)1007504087</subfield>
					</datafield>
					<datafield ind1=" " ind2=" " tag="035">
						<subfield code="a">(PPN)230614639</subfield>
					</datafield>
					<datafield ind1=" " ind2=" " tag="035">
						<subfield code="a">(EXLCZ)993790000000534715</subfield>
					</datafield>
					<datafield ind1=" " ind2=" " tag="040">
						<subfield code="a">FlBoTFG</subfield>
						<subfield code="c">FlBoTFG</subfield>
						<subfield code="e">rda</subfield>
					</datafield>
					<datafield ind1=" " ind2="4" tag="050">
						<subfield code="a">N5975</subfield>
						<subfield code="b">.P53 2018</subfield>
					</datafield>
					<datafield ind1="0" ind2="4" tag="082">
						<subfield code="a">709.02</subfield>
						<subfield code="b">P697</subfield>
					</datafield>
					<datafield ind1="0" ind2="0" tag="245">
						<subfield code="a">Place and space in the medieval world /</subfield>
						<subfield code="c">edited by Meg Boulton, Jane Hawkes and Heidi Stoner.</subfield>
					</datafield>
					<datafield ind1=" " ind2=" " tag="250">
						<subfield code="a">First edition.</subfield>
					</datafield>
					<datafield ind1=" " ind2="1" tag="264">
						<subfield code="a">New York :</subfield>
						<subfield code="b">Routledge,</subfield>
						<subfield code="c">2018.</subfield>
					</datafield>
					<datafield ind1=" " ind2=" " tag="300">
						<subfield code="a">1 online resource (312 pages) :</subfield>
						<subfield code="b">illustrations.</subfield>
					</datafield>
					<datafield ind1=" " ind2=" " tag="336">
						<subfield code="a">text</subfield>
						<subfield code="2">rdacontent</subfield>
					</datafield>
					<datafield ind1=" " ind2=" " tag="337">
						<subfield code="a">computer</subfield>
						<subfield code="2">rdamedia</subfield>
					</datafield>
					<datafield ind1=" " ind2=" " tag="338">
						<subfield code="a">online resource</subfield>
						<subfield code="2">rdacarrier</subfield>
					</datafield>
					<datafield ind1="1" ind2=" " tag="490">
						<subfield code="a">Routledge research in art history</subfield>
					</datafield>
					<datafield ind1=" " ind2=" " tag="504">
						<subfield code="a">Includes bibliographical references and index.</subfield>
					</datafield>
					<datafield ind1=" " ind2=" " tag="588">
						<subfield code="a">Description based on online resource; title from PDF title page (ebrary, viewed December 23, 2017).</subfield>
					</datafield>
					<datafield ind1="0" ind2="0" tag="505">
						<subfield code="t">chapter 1 The Secret Language of Movement: Interior Encounters with Space and Transition during Medieval Pilgrimage /</subfield>
						<subfield code="r">MARTIN LOCKER --</subfield>
						<subfield code="t">chapter 2 Distance and Embrace: Spatial Conditions of Access to the Volto Santo of Lucca --</subfield>
						<subfield code="t">chapter 3 Cave of Hermits, Cave of Cult: Saints Andrew-Zoerard and Benedict and the Sacralization of the Medieval Hungarian Landscape /</subfield>
						<subfield code="r">KAREN STARK --</subfield>
						<subfield code="t">chapter 4 Processes of Religious Change in Late Iron Age Gotland: Rereading, Spatialization and Enculturation /</subfield>
						<subfield code="r">LUKE JOHN MURPHY --</subfield>
						<subfield code="t">chapter 5 Planting the Cross in Anglo-Saxon England /</subfield>
						<subfield code="r">JANE HAWKES --</subfield>
						<subfield code="t">chapter 6 “How Deserted Lies the City, Once So Full of People”: The Reclamation of Intramural Space in Anglo-Saxon Literature /</subfield>
						<subfield code="r">MICHAEL D. J. BINTLEY --</subfield>
						<subfield code="t">chapter 7 From the Space of the World to the Space of the Local: The Two Maps of Thomas Elmham /</subfield>
						<subfield code="r">BETH KANEKO --</subfield>
						<subfield code="t">chapter 8 The Broighter Hoard: Mythology, Misrepresentation and Mystery /</subfield>
						<subfield code="r">AIDEEN M. IRELAND --</subfield>
						<subfield code="t">chapter 9 The Ambiguity in Medieval Depictions of Abraham’s Bosom in the Areas and Spaces of the Christian Afterlife /</subfield>
						<subfield code="r">MARIA R. GRASSO --</subfield>
						<subfield code="t">chapter 10 Common Space or Cleft Places?: The Example of Beaulieu- sur-Dordogne, an Architectural and Figured Space /</subfield>
						<subfield code="r">ÉLISE HADDAD --</subfield>
						<subfield code="t">chapter 11 “And on the woghe wrytyn this was”: Locating Three Dead Kings in the Parish Church Wall-Paintings of The Three Living and The Three Dead /</subfield>
						<subfield code="r">REBECCA POPE --</subfield>
						<subfield code="t">chapter 12 Fictive Architecture and Pictorial Place: Altichiero da Zevio’s Oratory of St George in Padua (c. 1379–1384) /</subfield>
						<subfield code="r">LIVIA LUPI --</subfield>
						<subfield code="t">chapter 13 Defining Difference or Connecting Spaces?: Similarity and Meaning in the Arian Baptistery, Ravenna /</subfield>
						<subfield code="r">SAM BARBER --</subfield>
						<subfield code="t">chapter 14 Heaven and Hall: Space and Place in Anglo-Saxon England /</subfield>
						<subfield code="r">HEIDI STONER --</subfield>
						<subfield code="t">chapter 15 The Vanishing Spaces of Islamic Courts (Ninth to Tenth Centuries) AIMONE GROSSATO --</subfield>
						<subfield code="t">chapter 16 The Forming of an Apocalyptic Meta-geography: Muslim and Byzantine Apocalyptic Traditions and the Developing of a Shared Geographical Worldview /</subfield>
						<subfield code="r">FRANCESCO FURLAN --</subfield>
						<subfield code="t">chapter 17 World Maps and Waterways: Place and Space in the Beatus Mappaemundi /</subfield>
						<subfield code="r">EMILY GOETSCH --</subfield>
						<subfield code="t">chapter 18 The Bible as Map, On Seeing God and Finding the Way: Pilgrimage and Exegesis in Adomnán and Bede /</subfield>
						<subfield code="r">JENNIFER O’REILLY.</subfield>
					</datafield>
					<datafield ind1=" " ind2=" " tag="520">
						<subfield code="a">"This book addresses the critical terminologies of place and space (and their role within medieval studies) in a considered and critical manner, presenting a scholarly introduction written by the editors alongside thematic case-studies that address a wide range of visual and textual material. The essays consider the extant visual and textual sources from the medieval period alongside contemporary scholarly discussions to examine place and space in their wider critical context, and are written by specialists in a range of disciplines including art history, archaeology, history and literature."--Provided by publisher.</subfield>
					</datafield>
					<datafield ind1=" " ind2="0" tag="650">
						<subfield code="a">Art, Medieval</subfield>
						<subfield code="x">Themes, motives.</subfield>
					</datafield>
					<datafield ind1=" " ind2="0" tag="650">
						<subfield code="a">Civilization, Medieval, in literature.</subfield>
					</datafield>
					<datafield ind1=" " ind2="0" tag="650">
						<subfield code="a">Middle Ages.</subfield>
					</datafield>
					<datafield ind1=" " ind2="0" tag="650">
						<subfield code="a">Place (Philosophy) in literature.</subfield>
					</datafield>
					<datafield ind1=" " ind2=" " tag="776">
						<subfield code="z">1-138-22020-5</subfield>
					</datafield>
					<datafield ind1="1" ind2=" " tag="700">
						<subfield code="a">Boulton, Meg,</subfield>
						<subfield code="e">editor.</subfield>
					</datafield>
					<datafield ind1="1" ind2=" " tag="700">
						<subfield code="a">Hawkes, Jane,</subfield>
						<subfield code="e">editor.</subfield>
					</datafield>
					<datafield ind1="1" ind2=" " tag="700">
						<subfield code="a">Stoner, Heidi,</subfield>
						<subfield code="e">editor.</subfield>
					</datafield>
					<datafield ind1=" " ind2="0" tag="830">
						<subfield code="a">Routledge research in art history.</subfield>
					</datafield>
					<datafield ind1=" " ind2=" " tag="906">
						<subfield code="a">BOOK</subfield>
					</datafield>
					<datafield ind1=" " ind2=" " tag="AVE">
						<subfield code="8">5390326480005506</subfield>
						<subfield code="c">6176611040005506</subfield>
						<subfield code="e">Available</subfield>
						<subfield code="m">Taylor &amp; Francis eBooks EBS</subfield>
						<subfield code="a">41SLSP_HSG</subfield>
						<subfield code="0">9911350500205506</subfield>
					</datafield>
				</record>
			</recordData>
			<recordIdentifier>9911350500205506</recordIdentifier>
			<recordPosition>48</recordPosition>
		</record>