
		<record>
			<recordSchema>marcxml</recordSchema>
			<recordPacking>xml</recordPacking>
			<recordData>
				<record xmlns="http://www.loc.gov/MARC21/slim">
					<leader>03468nam a22005415i 4500</leader>
					<controlfield tag="001">9911260996505506</controlfield>
					<controlfield tag="005">20210106113355.0</controlfield>
					<controlfield tag="006">m|||||o||d||||||||</controlfield>
					<controlfield tag="007">cr || ||||||||</controlfield>
					<controlfield tag="008">210106t20202020nyu    fo  d z      eng d</controlfield>
					<datafield ind1=" " ind2=" " tag="020">
						<subfield code="a">1-5017-5607-9</subfield>
					</datafield>
					<datafield ind1="7" ind2=" " tag="024">
						<subfield code="a">10.1515/9781501756078</subfield>
						<subfield code="2">doi</subfield>
					</datafield>
					<datafield ind1=" " ind2=" " tag="035">
						<subfield code="a">(CKB)5450000000014732</subfield>
					</datafield>
					<datafield ind1=" " ind2=" " tag="035">
						<subfield code="a">(DE-B1597)571102</subfield>
					</datafield>
					<datafield ind1=" " ind2=" " tag="035">
						<subfield code="a">(DE-B1597)9781501756078</subfield>
					</datafield>
					<datafield ind1=" " ind2=" " tag="035">
						<subfield code="a">(OCoLC)1201471988</subfield>
					</datafield>
					<datafield ind1=" " ind2=" " tag="035">
						<subfield code="a">(EXLCZ)995450000000014732</subfield>
					</datafield>
					<datafield ind1=" " ind2=" " tag="040">
						<subfield code="a">DE-B1597</subfield>
						<subfield code="b">eng</subfield>
						<subfield code="c">DE-B1597</subfield>
						<subfield code="e">rda</subfield>
					</datafield>
					<datafield ind1="0" ind2=" " tag="041">
						<subfield code="a">eng</subfield>
					</datafield>
					<datafield ind1=" " ind2=" " tag="044">
						<subfield code="a">nyu</subfield>
						<subfield code="c">US-NY</subfield>
					</datafield>
					<datafield ind1=" " ind2="7" tag="072">
						<subfield code="a">POL043000</subfield>
						<subfield code="2">bisacsh</subfield>
					</datafield>
					<datafield ind1="1" ind2=" " tag="100">
						<subfield code="a">Popovic, Srdja,</subfield>
						<subfield code="e">author.</subfield>
						<subfield code="4">aut</subfield>
						<subfield code="4">http://id.loc.gov/vocabulary/relators/aut</subfield>
					</datafield>
					<datafield ind1="1" ind2="0" tag="245">
						<subfield code="a">Pranksters vs. Autocrats :</subfield>
						<subfield code="b">Why Dilemma Actions Advance Nonviolent Activism /</subfield>
						<subfield code="c">Srdja Popovic, Sophia A. McClennen.</subfield>
					</datafield>
					<datafield ind1=" " ind2="1" tag="264">
						<subfield code="a">Ithaca, NY :</subfield>
						<subfield code="b">Cornell University Press,</subfield>
						<subfield code="c">[2020]</subfield>
					</datafield>
					<datafield ind1=" " ind2="4" tag="264">
						<subfield code="c">©2020</subfield>
					</datafield>
					<datafield ind1=" " ind2=" " tag="300">
						<subfield code="a">1 online resource (96 p.)</subfield>
					</datafield>
					<datafield ind1=" " ind2=" " tag="336">
						<subfield code="a">text</subfield>
						<subfield code="b">txt</subfield>
						<subfield code="2">rdacontent</subfield>
					</datafield>
					<datafield ind1=" " ind2=" " tag="337">
						<subfield code="a">computer</subfield>
						<subfield code="b">c</subfield>
						<subfield code="2">rdamedia</subfield>
					</datafield>
					<datafield ind1=" " ind2=" " tag="338">
						<subfield code="a">online resource</subfield>
						<subfield code="b">cr</subfield>
						<subfield code="2">rdacarrier</subfield>
					</datafield>
					<datafield ind1="0" ind2=" " tag="490">
						<subfield code="a">Brown Democracy Medal</subfield>
					</datafield>
					<datafield ind1="0" ind2=" " tag="588">
						<subfield code="a">Description based on online resource; title from PDF title page (publisher's Web site, viewed 06. Jan 2021)</subfield>
					</datafield>
					<datafield ind1=" " ind2=" " tag="540">
						<subfield code="a">This eBook is made available Open Access under a CC BY-NC-ND 4.0 license:</subfield>
						<subfield code="u">https://creativecommons.org/licenses/by-nc-nd/4.0</subfield>
						<subfield code="u">https://www.degruyter.com/dg/page/open-access-policy</subfield>
					</datafield>
					<datafield ind1=" " ind2=" " tag="520">
						<subfield code="a">The Lawrence and Lynne Brown Democracy Medal, presented by the McCourtney Institute for Democracy at Penn State, recognizes outstanding individuals, groups, and organizations that produce innovations to further democracy in the United States or around the world. The 2020 Brown Democracy Medal winner, Srdja Popovic, was a leader in the revolution that brought down the Milošević regime in Serbia and he contin-ues to help protestors around the world learn effective, sometimes humorous, nonviolent tactics. In 2020, he teamed up with Sophia A. McClennen to study the concept of "dilemma actions," which offers a structured, strategic approach to fighting back against authoritarianism, as well as for defending democracy.</subfield>
					</datafield>
					<datafield ind1=" " ind2=" " tag="546">
						<subfield code="a">In English.</subfield>
					</datafield>
					<datafield ind1="0" ind2="0" tag="505">
						<subfield code="t">Frontmatter --</subfield>
						<subfield code="t">Contents --</subfield>
						<subfield code="t">Introduction --</subfield>
						<subfield code="t">A Brief History of the Dilemma Action --</subfield>
						<subfield code="t">Core Components of Dilemma Actions --</subfield>
						<subfield code="t">Laughtivism: The Secret Ingredient --</subfield>
						<subfield code="t">A Proven Tactic --</subfield>
						<subfield code="t">Conclusion --</subfield>
						<subfield code="t">Appendix Chronological List of Case Studies --</subfield>
						<subfield code="t">Notes --</subfield>
						<subfield code="t">About the Authors</subfield>
					</datafield>
					<datafield ind1=" " ind2="7" tag="650">
						<subfield code="a">POLITICAL SCIENCE / Political Process / Political Advocacy.</subfield>
						<subfield code="2">bisacsh</subfield>
					</datafield>
					<datafield ind1=" " ind2=" " tag="653">
						<subfield code="a">progressive social movements, laughtivism, dilemma actions, public kissing and Erdogan, Gandhi's Salt March, Estonia's Laughing Revolution, Arab Spring tactics.</subfield>
					</datafield>
					<datafield ind1="1" ind2=" " tag="700">
						<subfield code="a">McClennen, Sophia A.,</subfield>
						<subfield code="e">author.</subfield>
						<subfield code="4">aut</subfield>
						<subfield code="4">http://id.loc.gov/vocabulary/relators/aut</subfield>
					</datafield>
					<datafield ind1=" " ind2=" " tag="906">
						<subfield code="a">BOOK</subfield>
					</datafield>
					<datafield ind1=" " ind2=" " tag="AVE">
						<subfield code="8">5380463680005506</subfield>
						<subfield code="c">6150260770005506</subfield>
						<subfield code="e">Available</subfield>
						<subfield code="m">Project MUSE Open Access Books</subfield>
						<subfield code="t">Project Muse</subfield>
						<subfield code="a">41SLSP_HSG</subfield>
						<subfield code="0">9911260996505506</subfield>
					</datafield>
				</record>
			</recordData>
			<recordIdentifier>9911260996505506</recordIdentifier>
			<recordPosition>50</recordPosition>
		</record>
	</records>
	<nextRecordPosition>51</nextRecordPosition>
	<extraResponseData xmlns:xb="http://www.exlibris.com/repository/search/xmlbeans/">
		<xb:exact>true</xb:exact>
		<xb:responseDate>2023-06-28T15:54:13+0200</xb:responseDate>
	</extraResponseData>
</searchRetrieveResponse>